<?xml version="1.0" encoding="UTF-8"?>
<!DOCTYPE html PUBLIC "-//W3C//DTD XHTML 1.0 Transitional//EN"
    "http://www.w3.org/TR/xhtml1/DTD/xhtml1-transitional.dtd">
<html xmlns="http://www.w3.org/1999/xhtml" xml:lang="en" lang="en">
 <head>
  <title>
</title>
<meta http-equiv="Content-Type" content="text/html;charset=utf-8" />
  <meta name='ocr-system' content='tesseract 3.04.00' />
  <meta name='ocr-capabilities' content='ocr_page ocr_carea ocr_par ocr_line ocrx_word'/>
</head>
<body>
  <div class='ocr_page' id='page_1' title='image "./devariaquaeesta01brangoog_0015.png"; bbox 0 0 3009 4767; ppageno 0'>
   <div class='ocr_carea' id='block_1_1' title="bbox 1219 245 1651 309">
    <p class='ocr_par' dir='ltr' id='par_1_1' title="bbox 1219 245 1651 309">
     <span class='ocr_line' id='line_1_1' title="bbox 1219 245 1651 309; baseline -0.002 -18"><span class='ocrx_word' id='word_1_1' title='bbox 1219 245 1651 309; x_wconf 58' lang='lat'>⁶-.11--</span> 
     </span>
    </p>
   </div>
   <div class='ocr_carea' id='block_1_2' title="bbox 360 410 2605 578">
    <p class='ocr_par' dir='ltr' id='par_1_2' title="bbox 360 410 2605 578">
     <span class='ocr_line' id='line_1_2' title="bbox 360 410 2605 578; baseline 0.021 -45"><span class='ocrx_word' id='word_1_2' title='bbox 360 410 933 578; x_wconf 36' lang='lat' dir='ltr'>psendeluzffssgo</span> <span class='ocrx_word' id='word_1_3' title='bbox 978 493 1280 561; x_wconf 86' lang='lat' dir='ltr'>hominem</span> <span class='ocrx_word' id='word_1_4' title='bbox 1322 499 1544 561; x_wconf 60' lang='lat' dir='ltr'>nullius</span> <span class='ocrx_word' id='word_1_5' title='bbox 1589 502 1803 562; x_wconf 87' lang='lat' dir='ltr'>coloris</span> <span class='ocrx_word' id='word_1_6' title='bbox 1849 504 1989 563; x_wconf 79' lang='lat' dir='ltr'>novi</span> <span class='ocrx_word' id='word_1_7' title='bbox 2027 524 2085 562; x_wconf 76' lang='lat' dir='ltr'>:z</span> <span class='ocrx_word' id='word_1_8' title='bbox 2124 504 2263 564; x_wconf 84' lang='lat' dir='ltr'>Non</span> <span class='ocrx_word' id='word_1_9' title='bbox 2307 506 2377 564; x_wconf 82' lang='lat' dir='ltr'>tu</span> <span class='ocrx_word' id='word_1_10' title='bbox 2424 505 2605 566; x_wconf 79' lang='lat' dir='ltr'>istinc</span> 
     </span>
    </p>
   </div>
   <div class='ocr_carea' id='block_1_3' title="bbox 360 591 2603 937">
    <p class='ocr_par' dir='ltr' id='par_1_3' title="bbox 360 591 2603 937">
     <span class='ocr_line' id='line_1_3' title="bbox 1968 591 2142 653; baseline 0.011 -2"><span class='ocrx_word' id='word_1_11' title='bbox 1968 591 2142 653; x_wconf 77' lang='lat' dir='ltr'>abis?</span> 
     </span>
     <span class='ocr_line' id='line_1_4' title="bbox 360 679 731 741; baseline -0.005 -2"><span class='ocrx_word' id='word_1_12' title='bbox 360 679 539 740; x_wconf 74' lang='lat' dir='ltr'>Haut.</span> <span class='ocrx_word' id='word_1_13' title='bbox 586 682 731 741; x_wconf 80' lang='lat'><strong>576.</strong></span> 
     </span>
     <span class='ocr_line' id='line_1_5' title="bbox 587 745 2603 920; baseline 0 -90"><span class='ocrx_word' id='word_1_14' title='bbox 587 768 767 849; x_wconf 81' lang='lat' dir='ltr'>Apud</span> <span class='ocrx_word' id='word_1_15' title='bbox 824 768 1008 830; x_wconf 66' lang='lat' dir='ltr'>alium</span> <span class='ocrx_word' id='word_1_16' title='bbox 1063 745 1342 846; x_wconf 59' lang='lat' dir='ltr'>prohibet</span> <span class='ocrx_word' id='word_1_17' title='bbox 1397 770 1687 848; x_wconf 74' lang='lat' dir='ltr'>dignitas,</span> <span class='ocrx_word' id='word_1_18' title='bbox 1752 772 1912 847; x_wconf 76' lang='lat' dir='ltr'>apud</span> <span class='ocrx_word' id='word_1_19' title='bbox 1972 772 2179 920; x_wconf 42' lang='lat' dir='ltr'>angli</span> <span class='ocrx_word' id='word_1_20' title='bbox 2213 774 2401 847; x_wconf 70' lang='lat' dir='ltr'>ipsius</span> <span class='ocrx_word' id='word_1_21' title='bbox 2460 773 2603 833; x_wconf 65' lang='lat' dir='ltr'>facti</span> 
     </span>
     <span class='ocr_line' id='line_1_6' title="bbox 935 875 2168 937; baseline 0.003 -20"><span class='ocrx_word' id='word_1_22' title='bbox 935 875 940 880; x_wconf 87' lang='lat'><strong>·</strong></span> <span class='ocrx_word' id='word_1_23' title='bbox 1966 881 2046 937; x_wconf 93' lang='lat' dir='ltr'>pu</span> <span class='ocrx_word' id='word_1_24' title='bbox 2092 881 2123 920; x_wconf 92' lang='lat' dir='ltr'>e</span> <span class='ocrx_word' id='word_1_25' title='bbox 2155 906 2168 921; x_wconf 92' lang='lat'>.</span> 
     </span>
    </p>
   </div>
   <div class='ocr_carea' id='block_1_4' title="bbox 269 948 2606 1657">
    <p class='ocr_par' dir='ltr' id='par_1_4' title="bbox 269 948 2606 1657">
     <span class='ocr_line' id='line_1_7' title="bbox 448 948 2606 1027; baseline 0 -19"><span class='ocrx_word' id='word_1_26' title='bbox 448 948 649 1008; x_wconf 88' lang='lat' dir='ltr'>Unum</span> <span class='ocrx_word' id='word_1_27' title='bbox 702 951 896 1009; x_wconf 86' lang='lat' dir='ltr'>restat</span> <span class='ocrx_word' id='word_1_28' title='bbox 949 949 1236 1009; x_wconf 86' lang='lat' dir='ltr'>auxilium</span> <span class='ocrx_word' id='word_1_29' title='bbox 1249 997 1262 1024; x_wconf 95' lang='lat'>,</span> <span class='ocrx_word' id='word_1_30' title='bbox 1329 970 1442 1027; x_wconf 89' lang='lat' dir='ltr'>quo</span> <span class='ocrx_word' id='word_1_31' title='bbox 1499 949 1768 1010; x_wconf 81' lang='lat' dir='ltr'>adhibito</span> <span class='ocrx_word' id='word_1_32' title='bbox 1826 969 1944 1009; x_wconf 88' lang='lat' dir='ltr'>uno</span> <span class='ocrx_word' id='word_1_33' title='bbox 2000 951 2171 1027; x_wconf 81' lang='lat' dir='ltr'><strong>quasi</strong></span> <span class='ocrx_word' id='word_1_34' title='bbox 2226 951 2350 1010; x_wconf 89' lang='lat' dir='ltr'>ictu</span> <span class='ocrx_word' id='word_1_35' title='bbox 2406 952 2606 1011; x_wconf 89' lang='lat' dir='ltr'>omnia</span> 
     </span>
     <span class='ocr_line' id='line_1_8' title="bbox 272 1038 2604 1117; baseline 0 -20"><span class='ocrx_word' id='word_1_36' title='bbox 272 1038 670 1098; x_wconf 90' lang='lat' dir='ltr'>discutiantur</span> <span class='ocrx_word' id='word_1_37' title='bbox 722 1039 1173 1114; x_wconf 84' lang='lat' dir='ltr'>impedimenta:</span> <span class='ocrx_word' id='word_1_38' title='bbox 1249 1040 1580 1117; x_wconf 85' lang='lat' dir='ltr'>disyllabae</span> <span class='ocrx_word' id='word_1_39' title='bbox 1633 1040 2048 1117; x_wconf 86' lang='lat' dir='ltr'>genetivorum</span> <span class='ocrx_word' id='word_1_40' title='bbox 2104 1041 2329 1100; x_wconf 89' lang='lat' dir='ltr'>formae</span> <span class='ocrx_word' id='word_1_41' title='bbox 2386 1040 2604 1100; x_wconf 78' lang='lat' dir='ltr'>substi-</span> 
     </span>
     <span class='ocr_line' id='line_1_9' title="bbox 270 1127 2602 1206; baseline 0 -19"><span class='ocrx_word' id='word_1_42' title='bbox 270 1127 528 1187; x_wconf 79' lang='lat' dir='ltr'>tuendae</span> <span class='ocrx_word' id='word_1_43' title='bbox 588 1130 743 1188; x_wconf 91' lang='lat' dir='ltr'>sunt.</span> <span class='ocrx_word' id='word_1_44' title='bbox 833 1128 965 1186; x_wconf 90' lang='lat' dir='ltr'>Iam</span> <span class='ocrx_word' id='word_1_45' title='bbox 1011 1127 1489 1188; x_wconf 81' lang='lat' dir='ltr'>CFGMuellerus</span> <span class='ocrx_word' id='word_1_46' title='bbox 1556 1130 1629 1188; x_wconf 91' lang='lat' dir='ltr'>de</span> <span class='ocrx_word' id='word_1_47' title='bbox 1684 1147 1845 1205; x_wconf 77' lang='lat' dir='ltr'>proS.</span> <span class='ocrx_word' id='word_1_48' title='bbox 1891 1128 2085 1191; x_wconf 89' lang='lat' dir='ltr'>Plaut.</span> <span class='ocrx_word' id='word_1_49' title='bbox 2148 1150 2204 1205; x_wconf 87' lang='lat' dir='ltr'>p.</span> <span class='ocrx_word' id='word_1_50' title='bbox 2255 1132 2377 1189; x_wconf 84' lang='lat'>341</span> <span class='ocrx_word' id='word_1_51' title='bbox 2418 1149 2602 1206; x_wconf 87' lang='lat' dir='ltr'>-gene-</span> 
     </span>
     <span class='ocr_line' id='line_1_10' title="bbox 269 1212 2599 1299; baseline 0.001 -23"><span class='ocrx_word' id='word_1_52' title='bbox 269 1218 392 1276; x_wconf 89' lang='lat' dir='ltr'>tivo</span> <span class='ocrx_word' id='word_1_53' title='bbox 446 1218 607 1277; x_wconf 79' lang='lat' dir='ltr'>illius</span> <span class='ocrx_word' id='word_1_54' title='bbox 659 1237 767 1293; x_wconf 91' lang='lat' dir='ltr'>per</span> <span class='ocrx_word' id='word_1_55' title='bbox 827 1218 1141 1294; x_wconf 81' lang='lat' dir='ltr'>synizesim</span> <span class='ocrx_word' id='word_1_56' title='bbox 1201 1212 1414 1299; x_wconf 73' lang='lat' dir='ltr'>(illjus)</span> <span class='ocrx_word' id='word_1_57' title='bbox 1478 1219 1555 1277; x_wconf 88' lang='lat' dir='ltr'>ad</span> <span class='ocrx_word' id='word_1_58' title='bbox 1611 1237 1955 1279; x_wconf 88' lang='lat' dir='ltr'>mensuram</span> <span class='ocrx_word' id='word_1_59' title='bbox 2012 1219 2374 1295; x_wconf 85' lang='lat' dir='ltr'>disyllabam</span> <span class='ocrx_word' id='word_1_60' title='bbox 2432 1237 2599 1279; x_wconf 87' lang='lat' dir='ltr'>revo-</span> 
     </span>
     <span class='ocr_line' id='line_1_11' title="bbox 270 1306 2604 1384; baseline 0.001 -19"><span class='ocrx_word' id='word_1_61' title='bbox 270 1307 453 1365; x_wconf 89' lang='lat' dir='ltr'>cando</span> <span class='ocrx_word' id='word_1_62' title='bbox 500 1306 883 1367; x_wconf 83' lang='lat' dir='ltr'>difficultates</span> <span class='ocrx_word' id='word_1_63' title='bbox 930 1309 1225 1368; x_wconf 90' lang='lat' dir='ltr'>removeri</span> <span class='ocrx_word' id='word_1_64' title='bbox 1268 1326 1442 1384; x_wconf 90' lang='lat' dir='ltr'>posse</span> <span class='ocrx_word' id='word_1_65' title='bbox 1491 1310 1831 1384; x_wconf 85' lang='lat' dir='ltr'>putaverat.</span> <span class='ocrx_word' id='word_1_66' title='bbox 1922 1306 2041 1367; x_wconf 86' lang='lat' dir='ltr'>Sed</span> <span class='ocrx_word' id='word_1_67' title='bbox 2092 1326 2226 1367; x_wconf 90' lang='lat' dir='ltr'>cum</span> <span class='ocrx_word' id='word_1_68' title='bbox 2276 1326 2421 1367; x_wconf 87' lang='lat' dir='ltr'>usus</span> <span class='ocrx_word' id='word_1_69' title='bbox 2473 1309 2604 1367; x_wconf 89' lang='lat' dir='ltr'>eius</span> 
     </span>
     <span class='ocr_line' id='line_1_12' title="bbox 274 1394 2604 1473; baseline 0 -18"><span class='ocrx_word' id='word_1_70' title='bbox 274 1394 604 1472; x_wconf 85' lang='lat' dir='ltr'>synizeseos</span> <span class='ocrx_word' id='word_1_71' title='bbox 651 1396 734 1463; x_wconf 67' lang='lat' dir='ltr'>in,</span> <span class='ocrx_word' id='word_1_72' title='bbox 759 1396 1010 1456; x_wconf 90' lang='lat' dir='ltr'>senariis</span> <span class='ocrx_word' id='word_1_73' title='bbox 1057 1400 1118 1456; x_wconf 89' lang='lat' dir='ltr'>et</span> <span class='ocrx_word' id='word_1_74' title='bbox 1166 1397 1517 1473; x_wconf 73' lang='lat' dir='ltr'><strong>septenariis</strong></span> <span class='ocrx_word' id='word_1_75' title='bbox 1545 1396 1606 1455; x_wconf 93' lang='lat' dir='ltr'>in</span> <span class='ocrx_word' id='word_1_76' title='bbox 1635 1397 2005 1456; x_wconf 89' lang='lat' dir='ltr'>artissimum</span> <span class='ocrx_word' id='word_1_77' title='bbox 2034 1399 2270 1457; x_wconf 88' lang='lat' dir='ltr'>coactus</span> <span class='ocrx_word' id='word_1_78' title='bbox 2300 1397 2399 1472; x_wconf 86' lang='lat' dir='ltr'>sit,</span> <span class='ocrx_word' id='word_1_79' title='bbox 2444 1399 2604 1458; x_wconf 90' lang='lat' dir='ltr'>viam</span> 
     </span>
     <span class='ocr_line' id='line_1_13' title="bbox 273 1484 2604 1563; baseline 0.001 -20"><span class='ocrx_word' id='word_1_80' title='bbox 273 1505 308 1543; x_wconf 89' lang='lat' dir='ltr'>a</span> <span class='ocrx_word' id='word_1_81' title='bbox 353 1484 643 1544; x_wconf 87' lang='lat' dir='ltr'>Muellero</span> <span class='ocrx_word' id='word_1_82' title='bbox 688 1485 1011 1545; x_wconf 88' lang='lat' dir='ltr'>indicatam</span> <span class='ocrx_word' id='word_1_83' title='bbox 1057 1487 1108 1545; x_wconf 88' lang='lat' dir='ltr'>si</span> <span class='ocrx_word' id='word_1_84' title='bbox 1153 1487 1549 1563; x_wconf 86' lang='lat' dir='ltr'>ingredimur,</span> <span class='ocrx_word' id='word_1_85' title='bbox 1614 1504 1686 1545; x_wconf 84' lang='lat' dir='ltr'>ex</span> <span class='ocrx_word' id='word_1_86' title='bbox 1729 1487 1866 1546; x_wconf 87' lang='lat' dir='ltr'>unis</span> <span class='ocrx_word' id='word_1_87' title='bbox 1912 1486 1976 1545; x_wconf 92' lang='lat' dir='ltr'>in</span> <span class='ocrx_word' id='word_1_88' title='bbox 2021 1487 2242 1546; x_wconf 86' lang='lat' dir='ltr'>alteras</span> <span class='ocrx_word' id='word_1_89' title='bbox 2290 1487 2604 1561; x_wconf 67' lang='lat' dir='ltr'>angustias</span> 
     </span>
     <span class='ocr_line' id='line_1_14' title="bbox 272 1567 2602 1657; baseline 0.001 -25"><span class='ocrx_word' id='word_1_90' title='bbox 272 1567 575 1635; x_wconf 76' lang='lat' dir='ltr'>incurrere</span> <span class='ocrx_word' id='word_1_91' title='bbox 620 1574 907 1634; x_wconf 90' lang='lat' dir='ltr'>videmur.</span> <span class='ocrx_word' id='word_1_92' title='bbox 979 1576 1343 1635; x_wconf 87' lang='lat' dir='ltr'>Ritschelius</span> <span class='ocrx_word' id='word_1_93' title='bbox 1386 1576 1616 1652; x_wconf 88' lang='lat' dir='ltr'>primus</span> <span class='ocrx_word' id='word_1_94' title='bbox 1666 1567 1893 1657; x_wconf 89' lang='lat' dir='ltr'>(opusc.</span> <span class='ocrx_word' id='word_1_95' title='bbox 1922 1575 1984 1633; x_wconf 96' lang='lat' dir='ltr'>II</span> <span class='ocrx_word' id='word_1_96' title='bbox 2016 1577 2141 1636; x_wconf 87' lang='grc'>692</span> <span class='ocrx_word' id='word_1_97' title='bbox 2165 1568 2244 1655; x_wconf 90' lang='lat' dir='ltr'>s.)</span> <span class='ocrx_word' id='word_1_98' title='bbox 2288 1576 2602 1652; x_wconf 88' lang='lat' dir='ltr'>genetivos</span> 
     </span>
    </p>
   </div>
   <div class='ocr_carea' id='block_1_5' title="bbox 144 1663 2606 1741">
    <p class='ocr_par' dir='ltr' id='par_1_5' title="bbox 144 1663 2606 1741">
     <span class='ocr_line' id='line_1_15' title="bbox 144 1663 2606 1741; baseline 0 -18"><span class='ocrx_word' id='word_1_99' title='bbox 144 1689 149 1694; x_wconf 92' lang='lat'>·</span> <span class='ocrx_word' id='word_1_100' title='bbox 272 1663 336 1723; x_wconf 89' lang='lat' dir='ltr'>in</span> <span class='ocrx_word' id='word_1_101' title='bbox 377 1666 402 1722; x_wconf 87' lang='lat' dir='ltr'>i</span> <span class='ocrx_word' id='word_1_102' title='bbox 445 1663 796 1723; x_wconf 85' lang='lat' dir='ltr'>terminatos</span> <span class='ocrx_word' id='word_1_103' title='bbox 841 1664 903 1726; x_wconf 90' lang='lat' dir='ltr'>in</span> <span class='ocrx_word' id='word_1_104' title='bbox 948 1666 1140 1724; x_wconf 89' lang='lat' dir='ltr'>lucem</span> <span class='ocrx_word' id='word_1_105' title='bbox 1186 1665 1509 1741; x_wconf 71' lang='lat' dir='ltr'>protraxit,</span> <span class='ocrx_word' id='word_1_106' title='bbox 1562 1664 1664 1741; x_wconf 90' lang='lat' dir='ltr'>qui</span> <span class='ocrx_word' id='word_1_107' title='bbox 1707 1682 2070 1741; x_wconf 86' lang='lat' dir='ltr'>quamquam</span> <span class='ocrx_word' id='word_1_108' title='bbox 2116 1683 2153 1723; x_wconf 88' lang='lat' dir='ltr'>a</span> <span class='ocrx_word' id='word_1_109' title='bbox 2201 1665 2606 1741; x_wconf 85' lang='lat' dir='ltr'>grammaticis</span> 
     </span>
    </p>
   </div>
   <div class='ocr_carea' id='block_1_6' title="bbox 225 1753 2607 2644">
    <p class='ocr_par' dir='ltr' id='par_1_6' title="bbox 225 1753 2607 2644">
     <span class='ocr_line' id='line_1_16' title="bbox 276 1753 2602 1834; baseline 0 -23"><span class='ocrx_word' id='word_1_110' title='bbox 276 1753 598 1834; x_wconf 85' lang='lat' dir='ltr'>traduntur</span> <span class='ocrx_word' id='word_1_111' title='bbox 644 1755 706 1812; x_wconf 89' lang='lat' dir='ltr'>et</span> <span class='ocrx_word' id='word_1_112' title='bbox 750 1753 810 1811; x_wconf 92' lang='lat' dir='ltr'>in</span> <span class='ocrx_word' id='word_1_113' title='bbox 856 1754 1155 1813; x_wconf 80' lang='lat' dir='ltr'>codicibus</span> <span class='ocrx_word' id='word_1_114' title='bbox 1203 1757 1434 1832; x_wconf 78' lang='lat' dir='ltr'>extant,</span> <span class='ocrx_word' id='word_1_115' title='bbox 1492 1757 1697 1813; x_wconf 89' lang='lat' dir='ltr'>tamen</span> <span class='ocrx_word' id='word_1_116' title='bbox 1745 1753 1806 1811; x_wconf 93' lang='lat' dir='ltr'>in</span> <span class='ocrx_word' id='word_1_117' title='bbox 1861 1772 2073 1814; x_wconf 87' lang='lat' dir='ltr'>verum</span> <span class='ocrx_word' id='word_1_118' title='bbox 2118 1772 2294 1813; x_wconf 90' lang='lat' dir='ltr'>usum</span> <span class='ocrx_word' id='word_1_119' title='bbox 2339 1754 2602 1813; x_wconf 88' lang='lat' dir='ltr'>nondum</span> 
     </span>
     <span class='ocr_line' id='line_1_17' title="bbox 272 1842 2607 1922; baseline 0.001 -21"><span class='ocrx_word' id='word_1_120' title='bbox 272 1845 443 1901; x_wconf 88' lang='lat' dir='ltr'>erant</span> <span class='ocrx_word' id='word_1_121' title='bbox 477 1843 762 1904; x_wconf 86' lang='lat' dir='ltr'>conversi.</span> <span class='ocrx_word' id='word_1_122' title='bbox 822 1842 939 1902; x_wconf 83' lang='lat' dir='ltr'>Sed</span> <span class='ocrx_word' id='word_1_123' title='bbox 975 1862 1109 1903; x_wconf 90' lang='lat' dir='ltr'>cum</span> <span class='ocrx_word' id='word_1_124' title='bbox 1143 1844 1507 1904; x_wconf 86' lang='lat' dir='ltr'>Ritschelius</span> <span class='ocrx_word' id='word_1_125' title='bbox 1546 1862 1646 1903; x_wconf 90' lang='lat' dir='ltr'>eos</span> <span class='ocrx_word' id='word_1_126' title='bbox 1684 1844 1922 1901; x_wconf 87' lang='lat' dir='ltr'>tantum</span> <span class='ocrx_word' id='word_1_127' title='bbox 1967 1862 2099 1902; x_wconf 86' lang='lat' dir='ltr'>cum</span> <span class='ocrx_word' id='word_1_128' title='bbox 2137 1843 2413 1919; x_wconf 87' lang='lat' dir='ltr'>genetivo</span> <span class='ocrx_word' id='word_1_129' title='bbox 2441 1845 2607 1922; x_wconf 51' lang='lat' dir='ltr'>’modi</span> 
     </span>
     <span class='ocr_line' id='line_1_18' title="bbox 269 1931 2607 2009; baseline -0 -18"><span class='ocrx_word' id='word_1_130' title='bbox 269 1931 612 1991; x_wconf 90' lang='lat' dir='ltr'>coniunctos</span> <span class='ocrx_word' id='word_1_131' title='bbox 641 1932 965 2008; x_wconf 79' lang='lat' dir='ltr'>admiserit,</span> <span class='ocrx_word' id='word_1_132' title='bbox 986 1952 1096 2009; x_wconf 86' lang='lat' dir='ltr'>ego</span> <span class='ocrx_word' id='word_1_133' title='bbox 1116 1933 1644 2009; x_wconf 83' lang='lat' dir='ltr'>grammaticorum</span> <span class='ocrx_word' id='word_1_134' title='bbox 1663 1931 2023 1992; x_wconf 82' lang='lat' dir='ltr'>testimoniis</span> <span class='ocrx_word' id='word_1_135' title='bbox 2051 1950 2196 1992; x_wconf 87' lang='lat' dir='ltr'>usus</span> <span class='ocrx_word' id='word_1_136' title='bbox 2226 1932 2408 1993; x_wconf 88' lang='lat' dir='ltr'>etiam</span> <span class='ocrx_word' id='word_1_137' title='bbox 2437 1935 2607 1991; x_wconf 87' lang='lat' dir='ltr'>extra</span> 
     </span>
     <span class='ocr_line' id='line_1_19' title="bbox 270 2020 2605 2099; baseline 0 -21"><span class='ocrx_word' id='word_1_138' title='bbox 270 2020 437 2079; x_wconf 88' lang='lat' dir='ltr'>illam</span> <span class='ocrx_word' id='word_1_139' title='bbox 484 2021 977 2081; x_wconf 82' lang='lat' dir='ltr'>consociationem</span> <span class='ocrx_word' id='word_1_140' title='bbox 1022 2023 1248 2099; x_wconf 91' lang='lat' dir='ltr'>positos</span> <span class='ocrx_word' id='word_1_141' title='bbox 1294 2023 1591 2082; x_wconf 87' lang='lat' dir='ltr'>reducam.</span> <span class='ocrx_word' id='word_1_142' title='bbox 1666 2020 2055 2082; x_wconf 86' lang='lat' dir='ltr'>Grammatici</span> <span class='ocrx_word' id='word_1_143' title='bbox 2090 2021 2164 2080; x_wconf 91' lang='lat' dir='ltr'>iis</span> <span class='ocrx_word' id='word_1_144' title='bbox 2202 2021 2275 2079; x_wconf 91' lang='lat' dir='ltr'>de</span> <span class='ocrx_word' id='word_1_145' title='bbox 2311 2021 2605 2097; x_wconf 86' lang='lat' dir='ltr'>genetivis</span> 
     </span>
     <span class='ocr_line' id='line_1_20' title="bbox 269 2109 2605 2194; baseline 0.001 -26"><span class='ocrx_word' id='word_1_146' title='bbox 269 2109 430 2169; x_wconf 88' lang='lat' dir='ltr'>hisce</span> <span class='ocrx_word' id='word_1_147' title='bbox 459 2110 603 2169; x_wconf 87' lang='lat' dir='ltr'>locis</span> <span class='ocrx_word' id='word_1_148' title='bbox 632 2110 850 2171; x_wconf 85' lang='lat' dir='ltr'>dicunt.</span> <span class='ocrx_word' id='word_1_149' title='bbox 897 2111 1292 2171; x_wconf 62' lang='lat' dir='ltr'>Priscianus]</span> <span class='ocrx_word' id='word_1_150' title='bbox 1326 2116 1356 2172; x_wconf 92' lang='lat'>1</span> <span class='ocrx_word' id='word_1_151' title='bbox 1370 2115 1448 2171; x_wconf 87' lang='grc'>96</span> <span class='ocrx_word' id='word_1_152' title='bbox 1471 2112 1546 2171; x_wconf 92' lang='grc' dir='ltr'>Η.</span> <span class='ocrx_word' id='word_1_153' title='bbox 1579 2110 1820 2170; x_wconf 87' lang='lat' dir='ltr'>nomina</span> <span class='ocrx_word' id='word_1_154' title='bbox 1854 2129 2009 2170; x_wconf 78' lang='lat' dir='ltr'>unns</span> <span class='ocrx_word' id='word_1_155' title='bbox 2043 2112 2200 2194; x_wconf 54' lang='lat' dir='ltr'>ullas</span> <span class='ocrx_word' id='word_1_156' title='bbox 2223 2112 2426 2170; x_wconf 74' lang='lat' dir='ltr'>nullus-</span> <span class='ocrx_word' id='word_1_157' title='bbox 2447 2112 2605 2170; x_wconf 73' lang='lat' dir='ltr'>solus</span> 
     </span>
     <span class='ocr_line' id='line_1_21' title="bbox 270 2199 2607 2277; baseline 0 -20"><span class='ocrx_word' id='word_1_158' title='bbox 270 2204 417 2259; x_wconf 75' lang='lat' dir='ltr'>totns</span> <span class='ocrx_word' id='word_1_159' title='bbox 462 2200 617 2259; x_wconf 79' lang='lat' dir='ltr'>alins</span> <span class='ocrx_word' id='word_1_160' title='bbox 660 2204 788 2259; x_wconf 80' lang='lat' dir='ltr'>nter</span> <span class='ocrx_word' id='word_1_161' title='bbox 833 2202 978 2260; x_wconf 78' lang='lat' dir='ltr'>alter</span> <span class='ocrx_word' id='word_1_162' title='bbox 1021 2202 1246 2261; x_wconf 83' lang='lat' dir='ltr'>rariore</span> <span class='ocrx_word' id='word_1_163' title='bbox 1293 2202 1356 2261; x_wconf 88' lang='lat' dir='ltr'>et</span> <span class='ocrx_word' id='word_1_164' title='bbox 1389 2200 1721 2261; x_wconf 88' lang='lat' dir='ltr'>vetustiore</span> <span class='ocrx_word' id='word_1_165' title='bbox 1756 2199 1820 2258; x_wconf 92' lang='lat' dir='ltr'>in</span> <span class='ocrx_word' id='word_1_166' title='bbox 1855 2219 1970 2259; x_wconf 88' lang='lat' dir='ltr'>usu</span> <span class='ocrx_word' id='word_1_167' title='bbox 2007 2200 2352 2277; x_wconf 83' lang='lat' dir='ltr'>genetivum</span> <span class='ocrx_word' id='word_1_168' title='bbox 2386 2199 2450 2259; x_wconf 90' lang='lat' dir='ltr'>in</span> <span class='ocrx_word' id='word_1_169' title='bbox 2484 2203 2509 2260; x_wconf 84' lang='lat' dir='ltr'>i</span> <span class='ocrx_word' id='word_1_170' title='bbox 2544 2201 2607 2259; x_wconf 87' lang='lat' dir='ltr'>et</span> 
     </span>
     <span class='ocr_line' id='line_1_22' title="bbox 225 2288 2605 2366; baseline 0.001 -20"><span class='ocrx_word' id='word_1_171' title='bbox 225 2295 237 2311; x_wconf 82' lang='grc'><em>·</em></span> <span class='ocrx_word' id='word_1_172' title='bbox 270 2288 540 2349; x_wconf 86' lang='lat' dir='ltr'>dativum</span> <span class='ocrx_word' id='word_1_173' title='bbox 576 2288 639 2346; x_wconf 91' lang='lat' dir='ltr'>in</span> <span class='ocrx_word' id='word_1_174' title='bbox 677 2308 709 2347; x_wconf 90' lang='grc' dir='ltr'><em>ο</em></span> <span class='ocrx_word' id='word_1_175' title='bbox 746 2290 1066 2350; x_wconf 86' lang='lat' dir='ltr'>terminare</span> <span class='ocrx_word' id='word_1_176' title='bbox 1103 2290 1265 2350; x_wconf 88' lang='lat' dir='ltr'>dicit.</span> <span class='ocrx_word' id='word_1_177' title='bbox 1311 2291 1476 2349; x_wconf 87' lang='lat' dir='ltr'>Idem</span> <span class='ocrx_word' id='word_1_178' title='bbox 1502 2290 1535 2348; x_wconf 97' lang='grc' dir='ltr'>Ι</span> <span class='ocrx_word' id='word_1_179' title='bbox 1565 2291 1691 2349; x_wconf 94' lang='grc'>226</span> <span class='ocrx_word' id='word_1_180' title='bbox 1723 2289 1796 2348; x_wconf 92' lang='grc' dir='ltr'>Η.</span> <span class='ocrx_word' id='word_1_181' title='bbox 1825 2292 2249 2357; x_wconf 66' lang='lat' dir='ltr'>vetustissimos,</span> <span class='ocrx_word' id='word_1_182' title='bbox 2276 2289 2490 2366; x_wconf 88' lang='lat' dir='ltr'>inquit,</span> <span class='ocrx_word' id='word_1_183' title='bbox 2517 2307 2605 2349; x_wconf 83' lang='lat' dir='ltr'>so-</span> 
     </span>
     <span class='ocr_line' id='line_1_23' title="bbox 269 2379 2607 2453; baseline 0 -17"><span class='ocrx_word' id='word_1_184' title='bbox 269 2379 383 2436; x_wconf 82' lang='lat' dir='ltr'>lere</span> <span class='ocrx_word' id='word_1_185' title='bbox 419 2379 675 2437; x_wconf 80' lang='lat' dir='ltr'>mnniwm</span> <span class='ocrx_word' id='word_1_186' title='bbox 718 2381 782 2437; x_wconf 87' lang='lat' dir='ltr'>in</span> <span class='ocrx_word' id='word_1_187' title='bbox 824 2382 937 2439; x_wconf 80' lang='lat' dir='ltr'>ins</span> <span class='ocrx_word' id='word_1_188' title='bbox 981 2383 1411 2439; x_wconf 76' lang='lat' dir='ltr'>ternn‘nantium</span> <span class='ocrx_word' id='word_1_189' title='bbox 1441 2382 1778 2453; x_wconf 56' lang='lat' dir='ltr'>qenetivum*</span> <span class='ocrx_word' id='word_1_190' title='bbox 1798 2383 1850 2438; x_wconf 81' lang='lat' dir='ltr'>et</span> <span class='ocrx_word' id='word_1_191' title='bbox 1883 2382 1948 2437; x_wconf 87' lang='lat' dir='ltr'>in</span> <span class='ocrx_word' id='word_1_192' title='bbox 1982 2381 2007 2437; x_wconf 85' lang='lat' dir='ltr'>i</span> <span class='ocrx_word' id='word_1_193' title='bbox 2042 2380 2299 2438; x_wconf 74' lang='lat' dir='ltr'>dativum</span> <span class='ocrx_word' id='word_1_194' title='bbox 2335 2380 2517 2438; x_wconf 80' lang='lat' dir='ltr'>etiam·</span> <span class='ocrx_word' id='word_1_195' title='bbox 2542 2382 2607 2437; x_wconf 84' lang='lat' dir='ltr'>in</span> 
     </span>
     <span class='ocr_line' id='line_1_24' title="bbox 268 2469 2606 2543; baseline 0.001 -18"><span class='ocrx_word' id='word_1_196' title='bbox 268 2470 292 2526; x_wconf 84' lang='lat' dir='ltr'>i</span> <span class='ocrx_word' id='word_1_197' title='bbox 322 2469 644 2541; x_wconf 75' lang='lat' dir='ltr'>yenetivmn</span> <span class='ocrx_word' id='word_1_198' title='bbox 681 2472 732 2527; x_wconf 78' lang='lat' dir='ltr'>et</span> <span class='ocrx_word' id='word_1_199' title='bbox 765 2470 830 2527; x_wconf 88' lang='lat' dir='ltr'>in</span> <span class='ocrx_word' id='word_1_200' title='bbox 865 2486 899 2527; x_wconf 91' lang='lat' dir='ltr'>o</span> <span class='ocrx_word' id='word_1_201' title='bbox 934 2470 1199 2528; x_wconf 78' lang='lat' dir='ltr'>dativum</span> <span class='ocrx_word' id='word_1_202' title='bbox 1227 2471 1292 2528; x_wconf 85' lang='lat' dir='ltr'>in</span> <span class='ocrx_word' id='word_1_203' title='bbox 1322 2485 1527 2543; x_wconf 75' lang='lat' dir='ltr'>yenere</span> <span class='ocrx_word' id='word_1_204' title='bbox 1551 2470 1869 2528; x_wconf 76' lang='lat' dir='ltr'>masculino</span> <span class='ocrx_word' id='word_1_205' title='bbox 1897 2473 1949 2527; x_wconf 78' lang='lat' dir='ltr'>et</span> <span class='ocrx_word' id='word_1_206' title='bbox 1973 2472 2190 2534; x_wconf 77' lang='lat' dir='ltr'>neutro,</span> <span class='ocrx_word' id='word_1_207' title='bbox 2228 2471 2293 2526; x_wconf 84' lang='lat' dir='ltr'>in</span> <span class='ocrx_word' id='word_1_208' title='bbox 2328 2469 2606 2541; x_wconf 69' lang='lat' dir='ltr'>feminino</span> 
     </span>
     <span class='ocr_line' id='line_1_25' title="bbox 268 2557 2596 2644; baseline 0 -29"><span class='ocrx_word' id='word_1_209' title='bbox 268 2574 402 2615; x_wconf 83' lang='lat' dir='ltr'>vero</span> <span class='ocrx_word' id='word_1_210' title='bbox 457 2558 797 2644; x_wconf 46' lang='lat' dir='ltr'>secundumx</span> <span class='ocrx_word' id='word_1_211' title='bbox 815 2560 1080 2631; x_wconf 78' lang='lat' dir='ltr'>primam</span> <span class='ocrx_word' id='word_1_212' title='bbox 1133 2559 1565 2618; x_wconf 67' lang='lat' dir='ltr'>declinationem</span> <span class='ocrx_word' id='word_1_213' title='bbox 1616 2561 1680 2617; x_wconf 89' lang='lat' dir='ltr'>in</span> <span class='ocrx_word' id='word_1_214' title='bbox 1734 2575 1803 2617; x_wconf 84' lang='lat' dir='ltr'>ac</span> <span class='ocrx_word' id='word_1_215' title='bbox 1855 2557 2265 2631; x_wconf 55' lang='lat' dir='ltr'>dfflhthonynm</span> <span class='ocrx_word' id='word_1_216' title='bbox 2310 2558 2596 2630; x_wconf 73' lang='lat' dir='ltr'>proferre.</span> 
     </span>
    </p>
   </div>
   <div class='ocr_carea' id='block_1_7' title="bbox 176 2645 2606 2721">
    <p class='ocr_par' dir='ltr' id='par_1_7' title="bbox 176 2645 2606 2721">
     <span class='ocr_line' id='line_1_26' title="bbox 176 2645 2606 2721; baseline 0 -18"><span class='ocrx_word' id='word_1_217' title='bbox 176 2656 181 2660; x_wconf 85' lang='grc'>·</span> <span class='ocrx_word' id='word_1_218' title='bbox 272 2645 475 2705; x_wconf 87' lang='lat' dir='ltr'>Tertio</span> <span class='ocrx_word' id='word_1_219' title='bbox 521 2646 647 2705; x_wconf 86' lang='lat' dir='ltr'>loco</span> <span class='ocrx_word' id='word_1_220' title='bbox 694 2646 725 2704; x_wconf 95' lang='lat' dir='ltr'>I</span> <span class='ocrx_word' id='word_1_221' title='bbox 763 2648 886 2706; x_wconf 89' lang='grc'>265</span> <span class='ocrx_word' id='word_1_222' title='bbox 920 2665 965 2706; x_wconf 84' lang='lat' dir='ltr'>S.</span> <span class='ocrx_word' id='word_1_223' title='bbox 1002 2647 1079 2708; x_wconf 89' lang='lat' dir='ltr'>H.</span> <span class='ocrx_word' id='word_1_224' title='bbox 1114 2666 1233 2707; x_wconf 92' lang='lat' dir='ltr'>non</span> <span class='ocrx_word' id='word_1_225' title='bbox 1279 2648 1471 2707; x_wconf 81' lang='lat' dir='ltr'>solum</span> <span class='ocrx_word' id='word_1_226' title='bbox 1519 2646 1811 2705; x_wconf 87' lang='lat' dir='ltr'>adiectiva</span> <span class='ocrx_word' id='word_1_227' title='bbox 1855 2646 1963 2705; x_wconf 90' lang='lat' dir='ltr'>illa</span> <span class='ocrx_word' id='word_1_228' title='bbox 2005 2645 2453 2721; x_wconf 86' lang='lat' dir='ltr'>pronominalia,</span> <span class='ocrx_word' id='word_1_229' title='bbox 2500 2646 2606 2705; x_wconf 83' lang='lat' dir='ltr'>sed</span> 
     </span>
    </p>
   </div>
   <div class='ocr_carea' id='block_1_8' title="bbox 267 2735 2610 4509">
    <p class='ocr_par' dir='ltr' id='par_1_8' title="bbox 267 2735 2610 4509">
     <span class='ocr_line' id='line_1_27' title="bbox 271 2735 2608 2811; baseline 0 -17"><span class='ocrx_word' id='word_1_230' title='bbox 271 2737 485 2802; x_wconf 78' lang='lat' dir='ltr'>omnia,</span> <span class='ocrx_word' id='word_1_231' title='bbox 523 2749 670 2808; x_wconf 77' lang='lat' dir='ltr'>quae</span> <span class='ocrx_word' id='word_1_232' title='bbox 705 2737 883 2795; x_wconf 82' lang='lat' dir='ltr'>simili</span> <span class='ocrx_word' id='word_1_233' title='bbox 918 2737 1292 2797; x_wconf 75' lang='lat' dir='ltr'>declinatione</span> <span class='ocrx_word' id='word_1_234' title='bbox 1315 2738 1701 2810; x_wconf 58' lang='lat' dir='ltr'>proferantur</span> <span class='ocrx_word' id='word_1_235' title='bbox 1743 2736 1781 2793; x_wconf 93' lang='lat' dir='ltr'>i.</span> <span class='ocrx_word' id='word_1_236' title='bbox 1812 2754 1860 2794; x_wconf 91' lang='lat' dir='ltr'>e.</span> <span class='ocrx_word' id='word_1_237' title='bbox 1890 2736 2241 2811; x_wconf 84' lang='lat' dir='ltr'>pronomina</span> <span class='ocrx_word' id='word_1_238' title='bbox 2274 2735 2410 2811; x_wconf 87' lang='lat' dir='ltr'>ipsa</span> <span class='ocrx_word' id='word_1_239' title='bbox 2446 2736 2608 2809; x_wconf 75' lang='lat' dir='ltr'>apud</span> 
     </span>
     <span class='ocr_line' id='line_1_28' title="bbox 267 2822 2603 2894; baseline 0 -11"><span class='ocrx_word' id='word_1_240' title='bbox 267 2829 482 2884; x_wconf 77' lang='lat' dir='ltr'>veteres</span> <span class='ocrx_word' id='word_1_241' title='bbox 527 2829 579 2882; x_wconf 78' lang='lat' dir='ltr'>ct</span> <span class='ocrx_word' id='word_1_242' title='bbox 621 2827 919 2884; x_wconf 80' lang='lat' dir='ltr'>nominum</span> <span class='ocrx_word' id='word_1_243' title='bbox 961 2827 1126 2885; x_wconf 82' lang='lat' dir='ltr'>modo</span> <span class='ocrx_word' id='word_1_244' title='bbox 1172 2828 1457 2886; x_wconf 80' lang='lat' dir='ltr'>declinata</span> <span class='ocrx_word' id='word_1_245' title='bbox 1503 2842 1622 2885; x_wconf 82' lang='lat' dir='ltr'>esse</span> <span class='ocrx_word' id='word_1_246' title='bbox 1667 2825 1854 2884; x_wconf 90' lang='lat' dir='ltr'>docet.</span> <span class='ocrx_word' id='word_1_247' title='bbox 1947 2822 2173 2894; x_wconf 84' lang='lat' dir='ltr'>Quarto</span> <span class='ocrx_word' id='word_1_248' title='bbox 2218 2824 2347 2883; x_wconf 90' lang='lat' dir='ltr'>loco</span> <span class='ocrx_word' id='word_1_249' title='bbox 2394 2824 2455 2883; x_wconf 93' lang='grc' dir='ltr'>ΙΙ</span> <span class='ocrx_word' id='word_1_250' title='bbox 2486 2827 2522 2885; x_wconf 91' lang='grc'><strong>7</strong></span> <span class='ocrx_word' id='word_1_251' title='bbox 2555 2842 2603 2883; x_wconf 91' lang='lat' dir='ltr'>s.</span> 
     </span>
     <span class='ocr_line' id='line_1_29' title="bbox 269 2912 2607 2990; baseline 0 -17"><span class='ocrx_word' id='word_1_252' title='bbox 269 2913 345 2973; x_wconf 88' lang='lat' dir='ltr'>H.</span> <span class='ocrx_word' id='word_1_253' title='bbox 392 2912 468 2971; x_wconf 84' lang='lat' dir='ltr'>ad</span> <span class='ocrx_word' id='word_1_254' title='bbox 515 2913 762 2972; x_wconf 89' lang='lat' dir='ltr'>eandem</span> <span class='ocrx_word' id='word_1_255' title='bbox 805 2933 932 2973; x_wconf 89' lang='lat' dir='ltr'>rem</span> <span class='ocrx_word' id='word_1_256' title='bbox 977 2933 1255 2975; x_wconf 87' lang='lat' dir='ltr'>reversus</span> <span class='ocrx_word' id='word_1_257' title='bbox 1303 2915 1597 2990; x_wconf 83' lang='lat' dir='ltr'>adiectiva</span> <span class='ocrx_word' id='word_1_258' title='bbox 1632 2913 2067 2990; x_wconf 84' lang='lat' dir='ltr'>pronominalia</span> <span class='ocrx_word' id='word_1_259' title='bbox 2104 2915 2264 2987; x_wconf 73' lang='lat' dir='ltr'>apud</span> <span class='ocrx_word' id='word_1_260' title='bbox 2297 2915 2607 2973; x_wconf 74' lang='lat' dir='ltr'>vetustissi-</span> 
     </span>
     <span class='ocr_line' id='line_1_30' title="bbox 268 3002 2607 3079; baseline 0 -17"><span class='ocrx_word' id='word_1_261' title='bbox 268 3020 393 3062; x_wconf 85' lang='lat' dir='ltr'>mos</span> <span class='ocrx_word' id='word_1_262' title='bbox 424 3046 436 3059; x_wconf 95' lang='lat'>.</span> <span class='ocrx_word' id='word_1_263' title='bbox 469 3047 483 3061; x_wconf 95' lang='lat'><strong>.</strong></span> <span class='ocrx_word' id='word_1_264' title='bbox 511 3004 821 3062; x_wconf 71' lang='lat' dir='ltr'>secundnm</span> <span class='ocrx_word' id='word_1_265' title='bbox 865 3005 1160 3063; x_wconf 79' lang='lat' dir='ltr'>mobilium</span> <span class='ocrx_word' id='word_1_266' title='bbox 1203 3003 1464 3079; x_wconf 78' lang='lat' dir='ltr'>reyulam</span> <span class='ocrx_word' id='word_1_267' title='bbox 1483 3015 1488 3020; x_wconf 86' lang='grc'><em>·</em></span> <span class='ocrx_word' id='word_1_268' title='bbox 1508 3006 1807 3062; x_wconf 75' lang='lat' dir='ltr'>nominum</span> <span class='ocrx_word' id='word_1_269' title='bbox 1849 3003 1886 3061; x_wconf 89' lang='lat' dir='ltr'>i.</span> <span class='ocrx_word' id='word_1_270' title='bbox 1917 3022 1966 3062; x_wconf 91' lang='lat' dir='ltr'>e.</span> <span class='ocrx_word' id='word_1_271' title='bbox 1996 3002 2320 3062; x_wconf 87' lang='lat' dir='ltr'>secundum</span> <span class='ocrx_word' id='word_1_272' title='bbox 2355 3002 2607 3062; x_wconf 87' lang='lat' dir='ltr'>alteram</span> 
     </span>
     <span class='ocr_line' id='line_1_31' title="bbox 270 3091 2606 3169; baseline -0.001 -17"><span class='ocrx_word' id='word_1_273' title='bbox 270 3091 786 3152; x_wconf 86' lang='lat' dir='ltr'>substantivorum</span> <span class='ocrx_word' id='word_1_274' title='bbox 832 3092 1288 3153; x_wconf 84' lang='lat' dir='ltr'>declinationem</span> <span class='ocrx_word' id='word_1_275' title='bbox 1331 3092 1644 3169; x_wconf 73' lang='lat' dir='ltr'>genetivus</span> <span class='ocrx_word' id='word_1_276' title='bbox 1683 3094 1745 3152; x_wconf 90' lang='lat' dir='ltr'>et</span> <span class='ocrx_word' id='word_1_277' title='bbox 1790 3092 2038 3152; x_wconf 85' lang='lat' dir='ltr'>dativos·</span> <span class='ocrx_word' id='word_1_278' title='bbox 2067 3091 2389 3151; x_wconf 88' lang='lat' dir='ltr'>terminare</span> <span class='ocrx_word' id='word_1_279' title='bbox 2427 3091 2606 3150; x_wconf 90' lang='lat' dir='ltr'>solita</span> 
     </span>
     <span class='ocr_line' id='line_1_32' title="bbox 272 3178 2600 3258; baseline -0 -18"><span class='ocrx_word' id='word_1_280' title='bbox 272 3200 404 3241; x_wconf 88' lang='lat' dir='ltr'>esse</span> <span class='ocrx_word' id='word_1_281' title='bbox 450 3183 728 3241; x_wconf 88' lang='lat' dir='ltr'>testatur.</span> <span class='ocrx_word' id='word_1_282' title='bbox 801 3181 1092 3258; x_wconf 84' lang='lat' dir='ltr'>Exempla</span> <span class='ocrx_word' id='word_1_283' title='bbox 1136 3182 1477 3242; x_wconf 88' lang='lat' dir='ltr'>Priscianus</span> <span class='ocrx_word' id='word_1_284' title='bbox 1524 3183 1671 3241; x_wconf 88' lang='lat' dir='ltr'>haec</span> <span class='ocrx_word' id='word_1_285' title='bbox 1717 3181 1899 3241; x_wconf 87' lang='lat' dir='ltr'>addit.</span> <span class='ocrx_word' id='word_1_286' title='bbox 1970 3179 2099 3240; x_wconf 82' lang='lat' dir='ltr'>Alii</span> <span class='ocrx_word' id='word_1_287' title='bbox 2142 3181 2298 3239; x_wconf 82' lang='lat' dir='ltr'>modi</span> <span class='ocrx_word' id='word_1_288' title='bbox 2340 3179 2421 3239; x_wconf 82' lang='lat' dir='ltr'>M.</span> <span class='ocrx_word' id='word_1_289' title='bbox 2452 3178 2600 3240; x_wconf 83' lang='lat' dir='ltr'>Cato</span> 
     </span>
     <span class='ocr_line' id='line_1_33' title="bbox 270 3261 2604 3353; baseline -0 -24"><span class='ocrx_word' id='word_1_290' title='bbox 270 3270 421 3329; x_wconf 85' lang='lat' dir='ltr'>dixit</span> <span class='ocrx_word' id='word_1_291' title='bbox 469 3262 679 3351; x_wconf 88' lang='lat' dir='ltr'>(Prisc.</span> <span class='ocrx_word' id='word_1_292' title='bbox 725 3270 756 3328; x_wconf 95' lang='lat' dir='ltr'>I</span> <span class='ocrx_word' id='word_1_293' title='bbox 804 3273 949 3332; x_wconf 83' lang='lat'><strong>226.</strong></span> <span class='ocrx_word' id='word_1_294' title='bbox 997 3273 1145 3331; x_wconf 89' lang='grc'><strong>266.</strong></span> <span class='ocrx_word' id='word_1_295' title='bbox 1189 3267 1251 3330; x_wconf 94' lang='grc' dir='ltr'>ΙΙ</span> <span class='ocrx_word' id='word_1_296' title='bbox 1291 3274 1328 3331; x_wconf 90' lang='grc'>8</span> <span class='ocrx_word' id='word_1_297' title='bbox 1368 3264 1497 3353; x_wconf 88' lang='lat' dir='ltr'>H.),</span> <span class='ocrx_word' id='word_1_298' title='bbox 1561 3272 1824 3330; x_wconf 85' lang='lat' dir='ltr'>Fannius</span> <span class='ocrx_word' id='word_1_299' title='bbox 1869 3271 1933 3330; x_wconf 94' lang='lat' dir='ltr'>in</span> <span class='ocrx_word' id='word_1_300' title='bbox 1976 3270 2006 3328; x_wconf 97' lang='lat' dir='ltr'>I</span> <span class='ocrx_word' id='word_1_301' title='bbox 2053 3269 2358 3328; x_wconf 84' lang='lat' dir='ltr'>annalium</span> <span class='ocrx_word' id='word_1_302' title='bbox 2404 3261 2493 3347; x_wconf 96' lang='grc' dir='ltr'>(ΙΙ</span> <span class='ocrx_word' id='word_1_303' title='bbox 2542 3271 2604 3343; x_wconf 98' lang='grc'>8,</span> 
     </span>
     <span class='ocr_line' id='line_1_34' title="bbox 267 3351 2604 3440; baseline -0 -23"><span class='ocrx_word' id='word_1_304' title='bbox 267 3358 374 3418; x_wconf 87' lang='lat' dir='ltr'>ubi</span> <span class='ocrx_word' id='word_1_305' title='bbox 417 3360 552 3435; x_wconf 88' lang='lat' dir='ltr'>lege</span> <span class='ocrx_word' id='word_1_306' title='bbox 600 3351 753 3440; x_wconf 85' lang='lat' dir='ltr'>alii),</span> <span class='ocrx_word' id='word_1_307' title='bbox 800 3358 1036 3420; x_wconf 86' lang='lat' dir='ltr'>Caelius</span> <span class='ocrx_word' id='word_1_308' title='bbox 1082 3361 1146 3420; x_wconf 91' lang='lat' dir='ltr'>in</span> <span class='ocrx_word' id='word_1_309' title='bbox 1189 3362 1380 3437; x_wconf 88' lang='lat' dir='ltr'>primo</span> <span class='ocrx_word' id='word_1_310' title='bbox 1417 3361 1572 3421; x_wconf 89' lang='lat' dir='ltr'>libro</span> <span class='ocrx_word' id='word_1_311' title='bbox 1610 3361 1755 3420; x_wconf 89' lang='lat' dir='ltr'>belli</span> <span class='ocrx_word' id='word_1_312' title='bbox 1791 3358 2002 3419; x_wconf 92' lang='lat' dir='ltr'>Punici</span> <span class='ocrx_word' id='word_1_313' title='bbox 2037 3351 2128 3439; x_wconf 94' lang='lat' dir='ltr'>(II</span> <span class='ocrx_word' id='word_1_314' title='bbox 2158 3361 2216 3434; x_wconf 85' lang='lat'>8,</span> <span class='ocrx_word' id='word_1_315' title='bbox 2262 3358 2367 3417; x_wconf 80' lang='lat' dir='ltr'>cfr.</span> <span class='ocrx_word' id='word_1_316' title='bbox 2396 3357 2426 3416; x_wconf 94' lang='lat' dir='ltr'>I</span> <span class='ocrx_word' id='word_1_317' title='bbox 2458 3359 2604 3432; x_wconf 88' lang='grc'><strong>226,</strong></span> 
     </span>
     <span class='ocr_line' id='line_1_35' title="bbox 269 3439 2607 3531; baseline -0.001 -25"><span class='ocrx_word' id='word_1_318' title='bbox 269 3449 375 3507; x_wconf 91' lang='lat' dir='ltr'>ubi</span> <span class='ocrx_word' id='word_1_319' title='bbox 421 3449 527 3508; x_wconf 88' lang='lat' dir='ltr'>alii</span> <span class='ocrx_word' id='word_1_320' title='bbox 573 3465 702 3507; x_wconf 88' lang='lat' dir='ltr'>esse</span> <span class='ocrx_word' id='word_1_321' title='bbox 750 3441 982 3530; x_wconf 86' lang='lat' dir='ltr'>debet),</span> <span class='ocrx_word' id='word_1_322' title='bbox 1050 3449 1119 3510; x_wconf 79' lang='lat' dir='ltr'>Gr.</span> <span class='ocrx_word' id='word_1_323' title='bbox 1165 3449 1428 3510; x_wconf 75' lang='lat' dir='ltr'>Licinius</span> <span class='ocrx_word' id='word_1_324' title='bbox 1475 3442 1543 3531; x_wconf 92' lang='lat' dir='ltr'>(I</span> <span class='ocrx_word' id='word_1_325' title='bbox 1592 3452 1739 3512; x_wconf 88' lang='grc'><strong>227.</strong></span> <span class='ocrx_word' id='word_1_326' title='bbox 1787 3450 1931 3509; x_wconf 89' lang='grc'><strong>266.</strong></span> <span class='ocrx_word' id='word_1_327' title='bbox 1994 3449 2057 3507; x_wconf 92' lang='grc' dir='ltr'>Π</span> <span class='ocrx_word' id='word_1_328' title='bbox 2104 3439 2201 3529; x_wconf 78' lang='grc'>8),</span> <span class='ocrx_word' id='word_1_329' title='bbox 2266 3445 2490 3506; x_wconf 84' lang='lat' dir='ltr'>Caesar</span> <span class='ocrx_word' id='word_1_330' title='bbox 2543 3447 2607 3505; x_wconf 86' lang='lat' dir='ltr'>in</span> 
     </span>
     <span class='ocr_line' id='line_1_36' title="bbox 272 3530 2610 3619; baseline -0.001 -22"><span class='ocrx_word' id='word_1_331' title='bbox 272 3536 630 3597; x_wconf 86' lang='lat' dir='ltr'>Anticatone</span> <span class='ocrx_word' id='word_1_332' title='bbox 692 3537 890 3613; x_wconf 88' lang='lat' dir='ltr'>priore</span> <span class='ocrx_word' id='word_1_333' title='bbox 954 3530 1165 3619; x_wconf 86' lang='lat' dir='ltr'>(Prisc.</span> <span class='ocrx_word' id='word_1_334' title='bbox 1211 3539 1241 3598; x_wconf 95' lang='lat' dir='ltr'>I</span> <span class='ocrx_word' id='word_1_335' title='bbox 1289 3540 1444 3616; x_wconf 84' lang='grc'><strong>266;</strong></span> <span class='ocrx_word' id='word_1_336' title='bbox 1508 3540 1538 3597; x_wconf 92' lang='grc' dir='ltr'>Ι</span> <span class='ocrx_word' id='word_1_337' title='bbox 1586 3541 1711 3598; x_wconf 95' lang='grc'>227</span> <span class='ocrx_word' id='word_1_338' title='bbox 1780 3540 1843 3598; x_wconf 90' lang='lat' dir='ltr'>et</span> <span class='ocrx_word' id='word_1_339' title='bbox 1904 3537 1967 3596; x_wconf 95' lang='grc' dir='ltr'>ΙΙ</span> <span class='ocrx_word' id='word_1_340' title='bbox 2015 3539 2053 3596; x_wconf 93' lang='grc'>8</span> <span class='ocrx_word' id='word_1_341' title='bbox 2109 3536 2265 3596; x_wconf 87' lang='lat' dir='ltr'>falso</span> <span class='ocrx_word' id='word_1_342' title='bbox 2327 3555 2435 3611; x_wconf 88' lang='lat' dir='ltr'>pro</span> <span class='ocrx_word' id='word_1_343' title='bbox 2499 3537 2610 3595; x_wconf 81' lang='lat' dir='ltr'>alii</span> 
     </span>
     <span class='ocr_line' id='line_1_37' title="bbox 273 3617 2606 3708; baseline -0.001 -22"><span class='ocrx_word' id='word_1_344' title='bbox 273 3628 559 3703; x_wconf 89' lang='lat' dir='ltr'>scriptum</span> <span class='ocrx_word' id='word_1_345' title='bbox 599 3629 692 3686; x_wconf 90' lang='lat' dir='ltr'>est</span> <span class='ocrx_word' id='word_1_346' title='bbox 729 3617 949 3708; x_wconf 39' lang='lat' dir='ltr'>alins)</span> <span class='ocrx_word' id='word_1_347' title='bbox 992 3626 1121 3688; x_wconf 85' lang='lat' dir='ltr'>Alii</span> <span class='ocrx_word' id='word_1_348' title='bbox 1164 3630 1250 3689; x_wconf 81' lang='lat' dir='ltr'>rei</span> <span class='ocrx_word' id='word_1_349' title='bbox 1295 3646 1476 3688; x_wconf 76' lang='lat' dir='ltr'>causa</span> <span class='ocrx_word' id='word_1_350' title='bbox 1513 3627 1748 3688; x_wconf 85' lang='lat' dir='ltr'>Caelius</span> <span class='ocrx_word' id='word_1_351' title='bbox 1793 3626 2114 3703; x_wconf 86' lang='lat' dir='ltr'>usurpavit</span> <span class='ocrx_word' id='word_1_352' title='bbox 2149 3618 2361 3707; x_wconf 87' lang='lat' dir='ltr'>(Prisc.</span> <span class='ocrx_word' id='word_1_353' title='bbox 2388 3625 2419 3683; x_wconf 95' lang='lat' dir='ltr'>I</span> <span class='ocrx_word' id='word_1_354' title='bbox 2437 3626 2606 3701; x_wconf 75' lang='lat'>2663</span> 
     </span>
     <span class='ocr_line' id='line_1_38' title="bbox 270 3709 2606 3797; baseline -0.001 -22"><span class='ocrx_word' id='word_1_355' title='bbox 270 3716 333 3775; x_wconf 95' lang='lat' dir='ltr'>II</span> <span class='ocrx_word' id='word_1_356' title='bbox 381 3717 447 3789; x_wconf 90' lang='grc'>8,</span> <span class='ocrx_word' id='word_1_357' title='bbox 523 3715 626 3774; x_wconf 89' lang='lat' dir='ltr'>ubi</span> <span class='ocrx_word' id='word_1_358' title='bbox 684 3717 791 3776; x_wconf 82' lang='lat' dir='ltr'>alii</span> <span class='ocrx_word' id='word_1_359' title='bbox 845 3717 1165 3793; x_wconf 86' lang='lat' dir='ltr'>legendum</span> <span class='ocrx_word' id='word_1_360' title='bbox 1225 3709 1364 3797; x_wconf 82' lang='lat' dir='ltr'>est).</span> <span class='ocrx_word' id='word_1_361' title='bbox 1469 3716 1829 3777; x_wconf 82' lang='lat' dir='ltr'>Genetivum</span> <span class='ocrx_word' id='word_1_362' title='bbox 1891 3717 1997 3776; x_wconf 83' lang='lat' dir='ltr'>alii</span> <span class='ocrx_word' id='word_1_363' title='bbox 2054 3715 2237 3775; x_wconf 84' lang='lat' dir='ltr'>etiam</span> <span class='ocrx_word' id='word_1_364' title='bbox 2297 3712 2606 3774; x_wconf 83' lang='lat' dir='ltr'>Charisius</span> 
     </span>
     <span class='ocr_line' id='line_1_39' title="bbox 272 3797 2607 3886; baseline -0.001 -23"><span class='ocrx_word' id='word_1_365' title='bbox 272 3799 359 3886; x_wconf 91' lang='lat' dir='ltr'>(p.</span> <span class='ocrx_word' id='word_1_366' title='bbox 392 3806 515 3864; x_wconf 89' lang='grc'>163</span> <span class='ocrx_word' id='word_1_367' title='bbox 548 3797 648 3885; x_wconf 89' lang='lat' dir='ltr'>K.)</span> <span class='ocrx_word' id='word_1_368' title='bbox 693 3808 971 3865; x_wconf 87' lang='lat' dir='ltr'>testatur.</span> <span class='ocrx_word' id='word_1_369' title='bbox 1052 3806 1187 3867; x_wconf 88' lang='lat' dir='ltr'>Huc</span> <span class='ocrx_word' id='word_1_370' title='bbox 1233 3807 1494 3883; x_wconf 82' lang='lat' dir='ltr'>pertinet</span> <span class='ocrx_word' id='word_1_371' title='bbox 1540 3806 1723 3865; x_wconf 85' lang='lat' dir='ltr'>etiam</span> <span class='ocrx_word' id='word_1_372' title='bbox 1769 3806 1927 3881; x_wconf 90' lang='lat' dir='ltr'>quod</span> <span class='ocrx_word' id='word_1_373' title='bbox 1971 3804 2133 3880; x_wconf 86' lang='lat' dir='ltr'>apud</span> <span class='ocrx_word' id='word_1_374' title='bbox 2157 3803 2405 3863; x_wconf 82' lang='lat' dir='ltr'>Festum</span> <span class='ocrx_word' id='word_1_375' title='bbox 2433 3801 2607 3862; x_wconf 87' lang='lat' dir='ltr'>Pauli</span> 
     </span>
     <span class='ocr_line' id='line_1_40' title="bbox 271 3892 2606 3970; baseline -0.001 -16"><span class='ocrx_word' id='word_1_376' title='bbox 271 3914 326 3970; x_wconf 87' lang='lat' dir='ltr'>p.</span> <span class='ocrx_word' id='word_1_377' title='bbox 377 3896 459 3953; x_wconf 93' lang='grc'>28</span> <span class='ocrx_word' id='word_1_378' title='bbox 507 3894 587 3952; x_wconf 90' lang='grc' dir='ltr'><strong>Μ.</strong></span> <span class='ocrx_word' id='word_1_379' title='bbox 643 3896 738 3953; x_wconf 90' lang='lat' dir='ltr'>est</span> <span class='ocrx_word' id='word_1_380' title='bbox 792 3896 1030 3956; x_wconf 81' lang='lat' dir='ltr'>alimodi</span> <span class='ocrx_word' id='word_1_381' title='bbox 1073 3914 1190 3969; x_wconf 78' lang='lat' dir='ltr'>pro</span> <span class='ocrx_word' id='word_1_382' title='bbox 1246 3897 1401 3955; x_wconf 77' lang='lat' dir='ltr'>alius</span> <span class='ocrx_word' id='word_1_383' title='bbox 1451 3897 1621 3955; x_wconf 85' lang='lat' dir='ltr'>modi.</span> <span class='ocrx_word' id='word_1_384' title='bbox 1713 3895 1947 3953; x_wconf 88' lang='lat' dir='ltr'>Pariter</span> <span class='ocrx_word' id='word_1_385' title='bbox 1992 3895 2100 3954; x_wconf 86' lang='lat' dir='ltr'>alii</span> <span class='ocrx_word' id='word_1_386' title='bbox 2137 3894 2365 3967; x_wconf 64' lang='lat' dir='ltr'>,ceneris</span> <span class='ocrx_word' id='word_1_387' title='bbox 2410 3892 2606 3952; x_wconf 86' lang='lat' dir='ltr'>Varro</span> 
     </span>
     <span class='ocr_line' id='line_1_41' title="bbox 274 3980 2604 4060; baseline -0.001 -17"><span class='ocrx_word' id='word_1_388' title='bbox 274 3984 346 4043; x_wconf 90' lang='lat' dir='ltr'>de</span> <span class='ocrx_word' id='word_1_389' title='bbox 400 3984 439 4043; x_wconf 85' lang='lat'>1.</span> <span class='ocrx_word' id='word_1_390' title='bbox 488 3982 621 4042; x_wconf 89' lang='lat' dir='ltr'>Lat.</span> <span class='ocrx_word' id='word_1_391' title='bbox 668 3982 754 4041; x_wconf 92' lang='lat' dir='ltr'>IX</span> <span class='ocrx_word' id='word_1_392' title='bbox 791 3985 896 4060; x_wconf 89' lang='lat'>40,</span> <span class='ocrx_word' id='word_1_393' title='bbox 937 3987 1016 4045; x_wconf 88' lang='grc'>67</span> <span class='ocrx_word' id='word_1_394' title='bbox 1057 3985 1154 4060; x_wconf 93' lang='grc' dir='ltr'>Μ.,</span> <span class='ocrx_word' id='word_1_395' title='bbox 1215 3984 1373 4044; x_wconf 83' lang='lat' dir='ltr'>idem</span> <span class='ocrx_word' id='word_1_396' title='bbox 1421 3984 1605 4045; x_wconf 75' lang='lat' dir='ltr'>de&#39;re</span> <span class='ocrx_word' id='word_1_397' title='bbox 1650 3986 1801 4045; x_wconf 88' lang='lat' dir='ltr'>rust.</span> <span class='ocrx_word' id='word_1_398' title='bbox 1850 3984 1882 4042; x_wconf 97' lang='grc' dir='ltr'>Ι</span> <span class='ocrx_word' id='word_1_399' title='bbox 1931 3986 1987 4055; x_wconf 92' lang='grc'>2,</span> <span class='ocrx_word' id='word_1_400' title='bbox 2039 3984 2119 4043; x_wconf 91' lang='grc'>19</span> <span class='ocrx_word' id='word_1_401' title='bbox 2168 3980 2345 4040; x_wconf 79' lang='lat' dir='ltr'>Gesn.</span> <span class='ocrx_word' id='word_1_402' title='bbox 2408 3985 2475 4041; x_wconf 77' lang='lat' dir='ltr'>nt</span> <span class='ocrx_word' id='word_1_403' title='bbox 2536 3999 2604 4041; x_wconf 79' lang='lat' dir='ltr'>ex</span> 
     </span>
     <span class='ocr_line' id='line_1_42' title="bbox 275 4071 2607 4148; baseline -0.001 -15"><span class='ocrx_word' id='word_1_404' title='bbox 275 4074 514 4148; x_wconf 75' lang='lat' dir='ltr'>caprino</span> <span class='ocrx_word' id='word_1_405' title='bbox 564 4088 770 4147; x_wconf 65' lang='lat' dir='ltr'>,uenere</span> <span class='ocrx_word' id='word_1_406' title='bbox 827 4075 907 4133; x_wconf 80' lang='lat' dir='ltr'>ad</span> <span class='ocrx_word' id='word_1_407' title='bbox 964 4074 1071 4134; x_wconf 83' lang='lat' dir='ltr'>alii</span> <span class='ocrx_word' id='word_1_408' title='bbox 1127 4076 1220 4134; x_wconf 79' lang='lat' dir='ltr'>dei</span> <span class='ocrx_word' id='word_1_409' title='bbox 1278 4071 1448 4134; x_wconf 83' lang='lat' dir='ltr'>aram</span> <span class='ocrx_word' id='word_1_410' title='bbox 1499 4075 1686 4134; x_wconf 79' lang='lat' dir='ltr'>hostia</span> <span class='ocrx_word' id='word_1_411' title='bbox 1740 4074 2137 4139; x_wconf 70' lang='lat' dir='ltr'>adduceretwr,</span> <span class='ocrx_word' id='word_1_412' title='bbox 2198 4071 2279 4130; x_wconf 80' lang='lat' dir='ltr'>ad</span> <span class='ocrx_word' id='word_1_413' title='bbox 2332 4071 2439 4131; x_wconf 79' lang='lat' dir='ltr'>alii</span> <span class='ocrx_word' id='word_1_414' title='bbox 2489 4087 2607 4130; x_wconf 86' lang='lat' dir='ltr'>non</span> 
     </span>
     <span class='ocr_line' id='line_1_43' title="bbox 272 4152 2605 4241; baseline -0.002 -19"><span class='ocrx_word' id='word_1_415' title='bbox 272 4163 704 4234; x_wconf 59' lang='lat' dir='ltr'>sacrificaretur</span> <span class='ocrx_word' id='word_1_416' title='bbox 767 4163 1023 4238; x_wconf 83' lang='lat' dir='ltr'>scripsit.</span> <span class='ocrx_word' id='word_1_417' title='bbox 1123 4164 1469 4222; x_wconf 86' lang='lat' dir='ltr'>Terentium</span> <span class='ocrx_word' id='word_1_418' title='bbox 1531 4163 1596 4221; x_wconf 88' lang='lat' dir='ltr'>in</span> <span class='ocrx_word' id='word_1_419' title='bbox 1659 4161 1887 4221; x_wconf 87' lang='lat' dir='ltr'>Andria</span> <span class='ocrx_word' id='word_1_420' title='bbox 1949 4155 2071 4240; x_wconf 93' lang='lat' dir='ltr'>(III</span> <span class='ocrx_word' id='word_1_421' title='bbox 2117 4161 2177 4237; x_wconf 85' lang='lat'>5,</span> <span class='ocrx_word' id='word_1_422' title='bbox 2225 4162 2262 4218; x_wconf 89' lang='grc'><strong>2</strong></span> <span class='ocrx_word' id='word_1_423' title='bbox 2313 4184 2398 4207; x_wconf 86' lang='lat'><strong>·-—--</strong></span> <span class='ocrx_word' id='word_1_424' title='bbox 2446 4152 2605 4241; x_wconf 88' lang='grc'><strong>608)</strong></span> 
     </span>
     <span class='ocr_line' id='line_1_44' title="bbox 273 4241 2606 4333; baseline -0.002 -22"><span class='ocrx_word' id='word_1_425' title='bbox 273 4251 615 4311; x_wconf 88' lang='lat' dir='ltr'>Priscianus</span> <span class='ocrx_word' id='word_1_426' title='bbox 660 4241 752 4331; x_wconf 91' lang='grc' dir='ltr'>(ΙΙ</span> <span class='ocrx_word' id='word_1_427' title='bbox 784 4255 818 4311; x_wconf 95' lang='grc'><strong>7</strong></span> <span class='ocrx_word' id='word_1_428' title='bbox 843 4244 948 4331; x_wconf 93' lang='grc' dir='ltr'><strong>Η.)</strong></span> <span class='ocrx_word' id='word_1_429' title='bbox 998 4254 1060 4311; x_wconf 90' lang='lat' dir='ltr'>et</span> <span class='ocrx_word' id='word_1_430' title='bbox 1106 4251 1412 4312; x_wconf 88' lang='lat' dir='ltr'>Charisius</span> <span class='ocrx_word' id='word_1_431' title='bbox 1444 4244 1598 4333; x_wconf 88' lang='lat'>(111</span> <span class='ocrx_word' id='word_1_432' title='bbox 1634 4243 1735 4331; x_wconf 89' lang='lat' dir='ltr'>K.)</span> <span class='ocrx_word' id='word_1_433' title='bbox 1780 4252 2083 4311; x_wconf 85' lang='lat' dir='ltr'>testantur</span> <span class='ocrx_word' id='word_1_434' title='bbox 2129 4248 2439 4325; x_wconf 83' lang='lat' dir='ltr'>scripsisse</span> <span class='ocrx_word' id='word_1_435' title='bbox 2486 4253 2606 4307; x_wconf 80' lang='lat' dir='ltr'>tam</span> 
     </span>
     <span class='ocr_line' id='line_1_45' title="bbox 272 4331 2606 4418; baseline -0.002 -17"><span class='ocrx_word' id='word_1_436' title='bbox 272 4345 444 4408; x_wconf 80' lang='lat' dir='ltr'>iners,</span> <span class='ocrx_word' id='word_1_437' title='bbox 492 4344 612 4399; x_wconf 76' lang='lat' dir='ltr'>tam</span> <span class='ocrx_word' id='word_1_438' title='bbox 652 4341 803 4399; x_wconf 65' lang='lat' dir='ltr'>nulli</span> <span class='ocrx_word' id='word_1_439' title='bbox 847 4342 1047 4401; x_wconf 77' lang='lat' dir='ltr'>consili</span> <span class='ocrx_word' id='word_1_440' title='bbox 1090 4361 1198 4418; x_wconf 91' lang='lat' dir='ltr'>pro</span> <span class='ocrx_word' id='word_1_441' title='bbox 1243 4331 1463 4401; x_wconf 75' lang='lat' dir='ltr'>nullius</span> <span class='ocrx_word' id='word_1_442' title='bbox 1508 4342 1748 4408; x_wconf 80' lang='lat' dir='ltr'>consilii,</span> <span class='ocrx_word' id='word_1_443' title='bbox 1793 4340 2140 4417; x_wconf 86' lang='lat' dir='ltr'>genetivum</span> <span class='ocrx_word' id='word_1_444' title='bbox 2186 4338 2371 4398; x_wconf 82' lang='lat' dir='ltr'>etiam</span> <span class='ocrx_word' id='word_1_445' title='bbox 2414 4337 2606 4398; x_wconf 88' lang='lat' dir='ltr'>videri</span> 
     </span>
     <span class='ocr_line' id='line_1_46' title="bbox 275 4419 2606 4509; baseline -0.001 -19"><span class='ocrx_word' id='word_1_446' title='bbox 275 4430 433 4507; x_wconf 86' lang='lat' dir='ltr'>apud</span> <span class='ocrx_word' id='word_1_447' title='bbox 463 4428 750 4490; x_wconf 85' lang='lat' dir='ltr'>Catonem</span> <span class='ocrx_word' id='word_1_448' title='bbox 788 4448 921 4490; x_wconf 86' lang='lat' dir='ltr'>esse</span> <span class='ocrx_word' id='word_1_449' title='bbox 957 4433 1057 4506; x_wconf 78' lang='lat' dir='ltr'>qni</span> <span class='ocrx_word' id='word_1_450' title='bbox 1092 4433 1373 4505; x_wconf 73' lang='lat' dir='ltr'>tantisper</span> <span class='ocrx_word' id='word_1_451' title='bbox 1407 4432 1562 4491; x_wconf 71' lang='lat' dir='ltr'>nulli·</span> <span class='ocrx_word' id='word_1_452' title='bbox 1591 4423 1678 4491; x_wconf 82' lang='lat' dir='ltr'>rei</span> <span class='ocrx_word' id='word_1_453' title='bbox 1712 4432 1841 4498; x_wconf 79' lang='lat' dir='ltr'>sies,</span> <span class='ocrx_word' id='word_1_454' title='bbox 1889 4431 2029 4490; x_wconf 76' lang='lat' dir='ltr'>dnm</span> <span class='ocrx_word' id='word_1_455' title='bbox 2071 4429 2159 4489; x_wconf 79' lang='lat' dir='ltr'>nil</span> <span class='ocrx_word' id='word_1_456' title='bbox 2203 4445 2350 4503; x_wconf 74' lang='lat' dir='ltr'>aqas</span> <span class='ocrx_word' id='word_1_457' title='bbox 2388 4419 2606 4509; x_wconf 75' lang='lat' dir='ltr'>(Prisc.</span> 
     </span>
    </p>
   </div>
  </div>
 </body>
</html>
