3009 4767
362 394 639 471 genetivo
685 393 985 470 ponantur
1029 384 1112 470 (v.
1148 391 1433 452 Ritschel.
1478 411 1574 468 op.
1611 391 1672 451 Π
1710 393 1840 451 570
1868 408 1948 453 ss,
1984 393 2112 452 579
2143 411 2221 453 88.
2268 393 2540 470 inprimis
2570 394 2650 454 57
2660 397 2697 454 2

362 484 497 543 adn.
552 485 590 542 2
650 484 713 543 et
766 485 973 542 nostro
1029 481 1104 540 de
1155 482 1287 541 loco
1342 482 1473 540 580
1526 481 1590 539 in
1647 473 1822 559 fine),
1865 482 1964 541 isti
2006 484 2340 542 necessario
2384 484 2698 560 genetivus

363 575 473 633 est.
562 572 831 631 Eandem
875 569 1128 630 formam
1172 569 1412 631 Phorm.
1461 572 1586 630 969
1638 569 1856 630 scribo:

659 661 816 721 ‘Non
860 660 1071 719 hercle
1104 677 1175 719 ex
1219 649 1555 739 ro'istiaos)
1601 678 1698 720 me
1741 658 2066 737 instigasti,
2110 659 2423 737 Dcmipho.
2458 675 2462 679 ·

362 750 573 828 Neque
618 750 777 811 enim
818 734 1000 810 istius
1043 746 1479 808 admittendum
1526 749 1621 808 est
1662 767 1856 825 neque
1899 734 2080 810 istius
2122 768 2230 826 pro
2274 750 2555 810 trochaeo
2600 770 2701 828 po-

362 838 563 901 situm.
2462 894 2466 898 .

536 929 609 989 In
654 929 992 1005 fragmento
1036 927 1248 987 incerti
1291 929 1509 1003 poetae
1545 927 1762 1004 tragici
1796 927 1958 1003 apud
1986 926 2327 989 Ciceronem
2363 928 2437 988 de
2472 929 2569 989 off.
2605 929 2698 989 III

365 1020 468 1095 26,
516 1020 598 1079 98
645 1010 835 1100 (apud
879 1008 1312 1077 Ribbeekium2
1353 1016 1466 1076 inc.
1512 1016 1625 1084 inc.
1671 1036 1725 1078 v.
1775 1008 1913 1098 59):

677 1108 848 1166 istius
890 1108 1207 1182 perspexet
1249 1105 1613 1166 malitiosam
1657 1106 1984 1184 audaciaQ
2055 1139 2073 1158 ·
2234 1161 2265 1188 ‚
2727 1159 2733 1165 .

361 1200 425 1258 et
457 1197 589 1273 ipsa
625 1195 819 1256 forma
854 1198 952 1256 isti
980 1195 1308 1256 substituta
1335 1196 1610 1271 dactylus
1637 1196 1898 1272 primum
1925 1195 2140 1272 pedem
2173 1197 2384 1264 tenens
2423 1198 2698 1258 evitatur.

448 1285 621 1362 Epid.
665 1285 724 1344 V
772 1288 829 1359 1,
878 1287 990 1345 23:
1133 1341 1139 1350 ,
1527 1323 1541 1338 .

679 1374 845 1434 Haeo
890 1374 1102 1450 edepol
1145 1376 1446 1433 remorata
1487 1373 1628 1433 med
1664 1376 1801 1434 est:
1831 1397 1847 1434 2
1886 1372 1949 1432 Si
1996 1372 2235 1450 quidem
2280 1377 2450 1435 istius
2484 1376 2699 1452 gratia,

361 1467 424 1525 et
466 1482 781 1523 mensurae
834 1448 907 1523 S&
957 1464 1184 1537 quidem
1236 1448 1417 1523 istius
1466 1465 1665 1537 qratia
1722 1455 1847 1545 (vel
1899 1447 1969 1522 δῖ
1976 1464 2203 1537 quidem
2255 1449 2430 1524 istius
2477 1458 2703 1544 yrdtia)
2817 1525 2834 1548 s

363 1557 427 1613 et
469 1529 633 1612 ffuic:
687 1538 761 1612 Si
820 1554 1047 1627 quidem
1090 1554 1190 1611 isti
1227 1553 1428 1627 qratia
1470 1552 1636 1611 locus
1684 1556 1778 1611 est
1821 1541 1903 1631 (v.
1949 1552 2232 1611 Bitschel.
2265 1572 2373 1629 top.
2420 1553 2479 1611 Π
2528 1548 2704 1633 690).

363 1642 480 1702 Sed
524 1642 692 1721 prior
736 1660 1018 1702 mensura
1052 1645 1372 1718 propterea
1410 1641 1654 1701 suavius
1690 1640 1753 1701 in
1790 1660 1967 1700 aures
2003 1640 2230 1714 incidit3
2275 1643 2434 1718 quod
2470 1644 2706 1703 numeri

359 1717 433 1792 Si
491 1733 717 1806 quidem
769 1733 869 1791 isti
917 1732 1116 1806 yrdtia
1169 1730 1425 1806 singulis
1470 1729 1718 1790 vocibus
1765 1730 2033 1805 singulos
2079 1729 2259 1806 pedes
2306 1731 2703 1793 efficientibus

360 1821 538 1881 nimis
583 1820 910 1896 tranquille
955 1819 1337 1880 decurrentes
1383 1838 1453 1879 eo
1501 1837 1679 1895 quem
1725 1819 2025 1879 desideres
2070 1822 2237 1878 motu
2285 1823 2506 1882 carent.

539 1910 857 1970 Mensurae
899 1892 1078 1970 istius
1113 1907 1296 1968 attuli
1328 1908 1537 1967 decem
1574 1908 1871 1985 exempla:
1902 1928 1976 1990 .V·
2014 1927 2195 1984 supra
2230 1911 2364 1996 p.·6
2405 1929 2449 1970 8.
2498 1902 2566 1990 (9
2606 1909 2706 1970 ex·

360 1989 585 2078 empla)
633 2001 697 2058 et
740 1998 814 2058 de
860 2017 975 2074 quo
1020 1998 1194 2058 modo
1243 1997 1366 2057 dixi
1408 1997 1586 2074 Epid.
1630 1997 1686 2055 V
1730 2001 1784 2072 1,
1833 1999 1932 2059 23.
2006 1997 2209 2057 Plauti
2256 2001 2428 2058 erant
2472 2002 2704 2076 septem
2785 2017 2792 2021 ·

362 2088 652 2164 exempla,
700 2086 964 2147 Terentii
1009 2087 1159 2170 ἅψῃ
1190 2086 1425 2146 Afranii
1470 2105 1672 2146 unum.

536 2178 653 2238 Isti
697 2196 832 2236 cum
875 2177 1033 2236 nwdi
1076 2175 1374 2237 coniuncti
1418 2178 1552 2235 octo
1599 2175 1869 2252 exempla
1904 2176 2064 2250 sunt,
2109 2195 2361 2252 quorum
2398 2176 2603 2240 Plauti
2640 2179 2704 2239 in

360 2266 583 2327 fabulis
640 2286 743 2326 sex
797 2265 1207 2348 inveniuntur,
1259 2285 1447 2324 unum
1501 2265 1660 2342 apud
1717 2264 2086 2339 Terentium,
2135 2284 2320 2325 unum
2375 2263 2536 2343 apud
2589 2263 2730 2327 Ac?

360 2356 518 2417 cium
562 2358 657 2416 est
702 2347 785 2435 (v.
831 2375 888 2431 p.
936 2357 1015 2413 21
1049 2346 1140 2435 8.).
1525 2358 1529 2362 “
2245 2403 2248 2408 .

537 2443 778 2519 Isti(us)
834 2444 1018 2504 solius
1074 2442 1346 2521 exempla
1399 2442 1518 2502 duo
1572 2443 1933 2504 Terentiana
1986 2433 2196 2523 (Haut.
2244 2446 2400 2519 382,
2463 2445 2703 2506 Phorm.

362 2525 521 2615 969)
576 2537 734 2594 sunt.
824 2532 958 2593 Huc
1012 2533 1065 2593 si
1119 2531 1288 2592 addis
1343 2536 1476 2593 octo
1530 2533 1640 2592 illa
1693 2533 1965 2609 exempla
2019 2532 2143 2606 (isti
2193 2534 2394 2609 modi),
2448 2536 2701 2595 formam
2795 2545 2832 2585 ‘-

360 2623 721 2728 disyllabam
765 2621 967 2700 decem
1012 2622 1159 2682 locis
1204 2622 1410 2682 habes.

534 2726 730 2790 Ist‘icts
772 2728 938 2789 nullo
984 2729 1113 2788 loco
1158 2729 1516 2805 postulatur.
1570 2774 1576 2779 .

541 2817 690 2877 Cum
728 2817 933 2878 decem
969 2818 1241 2894 exempla
1274 2818 1540 2895 genetivi
1575 2802 1771 2891 istius,
1816 2817 2185 2895 totidemque
2222 2818 2449 2879 formae
2474 2818 2700 2893 istim-3)

361 2909 510 2986 sint,
562 2910 833 2986 tempore
878 2907 1082 2967 Plauti
1138 2909 1200 2966 et
1246 2905 1514 2966 Terentii
1567 2907 1900 2967 cotidianus
1946 2907 2254 2967 hominum
2298 2928 2494 2970 sermo
2541 2913 2703 2970 utra-

361 3017 475 3076 que
519 2997 715 3058 forma
757 2997 998 3058 videtur
1040 2996 1270 3072 pariter
1314 3015 1460 3055 usus
1508 3014 1656 3056 esse.
1719 2981 1912 3056 Istius
1947 2997 2106 3073 apud
2133 2997 2416 3057 'Plautum
2456 3003 2701 3076 septem,

360 3086 521 3164 apud
566 3085 914 3146 Terentium
980 3086 1212 3145 duobus
1267 3086 1412 3145 locis
1467 3085 1795 3157 invenitur,
1858 3089 1954 3146 isti
2006 3086 2259 3145 Plautus
2316 3088 2507 3148 sexies
2561 3107 2702 3148 nus·

361 3195 540 3254 quam
584 3194 704 3235 non
750 3195 883 3235 cum
918 3175 1075 3235 modi
1114 3173 1509 3249 coniunctum,
1556 3172 1871 3234 Terentius
1909 3177 2003 3234 ter
2039 3175 2371 3250 usurpavit.
2435 3176 2702 3248 Quorum

357 3265 541 3325 trium
587 3267 996 3341 exemplorum
1032 3283 1168 3322 cum
1204 3282 1389 3322 unum
1425 3266 1526 3323 isti
1558 3265 1731 3338 modi,
1776 3264 1893 3323 duo
1932 3265 2126 3324 solum
2162 3263 2390 3341 ismus)
2415 3284 2453 3325 a
2479 3265 2697 3327 Plauto

356 3373 652 3432 nusquam
715 3354 945 3414 dictum
1009 3352 1348 3425 ostendant,
1415 3353 1696 3413 Terentio
1759 3354 1987 3429 pariter
2048 3372 2120 3413 ac
2178 3354 2434 3414 formam
2496 3356 2703 3417 decur-

358 3445 552 3503 tatam
605 3442 870 3521 genetivi
925 3444 1087 3503 illius
1144 3440 1325 3501 etiam
1383 3439 1606 3514 istiacs)
1663 3443 1858 3519 magis
1912 3442 2212 3519 placuisse
2266 3445 2397 3503 iure
2442 3445 2702 3538 quodam

360 3550 701 3594 commus,

537 3762 603 3823 G.
695 3760 973 3824 Genetivi
1022 3766 1139 3839 ipsi
1192 3764 1529 3841 exemplum
1585 3733 1928 3826 Priscianus
1972 3762 2003 3822 I
2041 3765 2188 3823 ‘227
2228 3764 2304 3825 Η.
2362 3784 2435 3825 ex
2488 3764 2700 3838 Omine

355 3852 593 3914 Afranii
635 3852 835 3912 affert:

451 3951 520 4041 1)
568 3959 775 4020 Afran.
823 3961 968 4021 230.

534 4050 673 4123 Ipsi
709 4068 805 4109 me
848 4050 1004 4110 velle
1046 4049 1405 4110 vestimenta
1449 4050 1645 4109 dicito.

356 4137 722 4202 Ribbeckius
768 4157 905 4199 cum
948 4139 1012 4198 in
1054 4138 1249 4199 indice
1292 4159 1351 4215 p.
1389 4141 1518 4201 433
1565 4141 1683 4214 {psi
1713 4157 1831 4214 pro
1865 4141 2092 4215 msius?
2136 4140 2377 4219 scribat,
2422 4141 2700 4203 dubitare

355 4228 621 4301 videtur,
672 4246 819 4287 num
861 4231 977 4302 ipsi
1020 4227 1335 4305 genetivus
1381 4228 1480 4289 sit.
1551 4228 1917 4290 Ritschelius
1962 4248 2200 4306 quoque
2244 4249 2341 4306 op.
2385 4230 2447 4289 II
2493 4231 2618 4293 692
2650 4250 2699 4292 8.

359 4317 599 4380 silentio
644 4317 951 4393 praeterit.
1040 4316 1131 4378 Ac
1173 4317 1613 4380 concedendum
1658 4321 1777 4393 est,
1824 4318 2197 4381 Priscianum
2242 4320 2501 4382 fortasse
2545 4320 2700 4383 dati-

355 4427 500 4470 vum
542 4425 652 4484 pro
693 4408 975 4485 genetivo
1019 4406 1317 4469 habuisse.
2073 4445 2076 4452 -
