3009 4767
528 418 731 481 Aliam
768 419 1084 482 Terentius
1120 420 1414 480 rationem
1454 418 1750 494 sequitur:
1796 417 2028 477 duobus
2066 416 2223 477 enim
2259 417 2403 477 loeis
2438 418 2689 486 huda-sce,

355 512 544 572 altero
588 513 729 571 ante
773 511 1211 584 consonantem,
1257 505 1449 568 altefo
1495 510 1637 567 ante
1679 509 1719 567 h
1761 507 2029 566 litteram
2072 506 2301 582 posuit:

443 618 631 680 Andr.
675 619 821 678 439.

671 699 932 766 Huiusce
973 707 1218 783 propter
1263 703 1751 765 consuetudinem
1771 701 2085 784 hospitae.

263 815 267 820 ·
356 796 451 856 Sic
496 797 782 855 Erasmus
827 796 1023 855 locum
1070 793 1324 870 scripsit,
1370 794 1434 852 in
1478 792 1648 851 libris
1695 795 1758 852 et
1801 790 1963 868 apud
2006 791 2307 851 Donatum
2353 792 2469 851 est:

675 887 917 960 propter
960 884 1194 943 huiusce
1236 882 1511 957 hospitae
1555 881 2060 941 consuetudinem.

360 973 782 1034 Fleckeisenus
829 973 971 1033 olim
1014 972 1078 1032 in
1121 972 1298 1031 Jahn'.
1342 970 1582 1029 Annall.
1632 973 1710 1030 61
1763 961 1995 1051 (1851)
2040 990 2099 1046 p.
2148 971 2256 1030 33:

673 1061 926 1137 Propter
970 1062 1202 1121 huiusce
1247 1059 1734 1120 consuetudinem
1779 1058 2053 1135 hospitae

359 1170 684 1247 proposuit.
758 1167 876 1227 Sed
921 1188 1056 1228 cum
1088 1171 1331 1242 propter
1374 1167 1470 1226 vel
1507 1159 1760 1226 maxime
1798 1165 2047 1225 dubium
2084 1166 2178 1241 sit,
2224 1166 2458 1227 huiusce
2492 1171 2693 1228 autem

361 1279 430 1319 eo
474 1260 538 1318 in
581 1277 758 1320 versu
805 1257 989 1318 nihilo
1035 1257 1230 1316 minus
1277 1259 1483 1330 restet,
1529 1258 1841 1332 praeterea
1886 1274 2019 1314 cum
2056 1255 2199 1315 ordo
2236 1255 2555 1315 verborum
2591 1258 2694 1332 qui

362 1350 425 1408 in
476 1348 646 1410 libris
705 1350 799 1408 est
852 1346 1101 1406 retineri
1154 1364 1273 1404 non
1324 1344 1540 1422 possit,
1592 1364 1833 1404 versum
1877 1347 2003 1403 tam
2049 1345 2288 1420 qualem
2329 1345 2471 1403 libri
2515 1364 2693 1421 quam

361 1438 597 1514 qualem
622 1436 1042 1496 Fleckeisenus
1082 1434 1321 1494 exhibet
1355 1434 1607 1492 missum
1633 1433 1901 1493 facimus.
1965 1433 2166 1492 Aliam
2194 1433 2489 1493 medelam
2515 1434 2697 1494 Bent-

361 1527 538 1602 leiuS,
598 1546 775 1603 quem
831 1523 1312 1584 CFGMuellerus
1380 1523 1453 1582 de
1508 1541 1665 1599 pros.
1720 1522 1915 1582 Plaut.
1959 1542 2017 1598 p.
2073 1523 2203 1581 440
2250 1523 2544 1599 sequitur,
2602 1544 2696 1583 ex-

367 1618 924 1781 coglffiawss·pr6poer
967 1702 1230 1779 hospitai
1273 1702 1509 1762 huiusce
1559 1700 2062 1782 consuetudinem.

366 1809 557 1881 Quem
617 1828 858 1870 versum
913 1811 1232 1886 propterea
1288 1807 1720 1884 improbamus,
1779 1809 1941 1884 quod
1999 1828 2119 1869 non
2174 1810 2368 1869 solum
2426 1827 2706 1869 mensura

355 1891 596 1974 propter
641 1898 884 1958 minime
934 1895 1099 1958 certa
1144 1902 1253 1973 est,
1302 1898 1406 1957 sed
1452 1898 1634 1957 etiam
1673 1897 1988 1957 Terentius
2034 1899 2378 1974 genetivum
2414 1898 2476 1956 in
2512 1901 2575 1957 ai
2610 1899 2706 1957 de-

366 1989 659 2048 sinentem
704 2007 823 2048 non
860 1986 1174 2063 usurpavit
1218 1991 1300 2067 (V.
1337 1986 1622 2052 Bitschel.
1666 1986 1936 2064 prolegg.
1980 1987 2142 2046 Trin.
2182 1985 2426 2048 CXLIII
2471 1987 2606 2046 adn.
2644 1991 2708 2046 et

370 2073 685 2137 CCCXXV
714 2069 809 2158 3.).
900 2075 1164 2146 Quarum
1211 2093 1527 2136 causarum
1570 2078 1817 2151 propter
1859 2077 2129 2151 alteram,
2176 2078 2251 2142 ad
2299 2095 2479 2152 quam
2525 2075 2708 2135 etiam

364 2186 618 2242 pravum
672 2161 907 2225 hibiusce
950 2165 1202 2239 accedit,
1257 2164 1626 2224 Lachmanni
1681 2184 1912 2241 quoque
1967 2166 2219 2225 mutatio
2266 2165 2420 2224 falsa
2467 2169 2560 2225 est
2604 2159 2708 2246 (ad

369 2256 543 2316 Lucr-
589 2276 647 2331 p·
682 2246 936 2419 Il’gffiter
979 2344 1212 2403 husiusce
1256 2342 1519 2418 hospitai
1565 2299 2068 2403 consuetudinem.

360 2451 537 2509 Nihil
590 2450 780 2527 igitur
835 2450 998 2509 aliud
1040 2452 1261 2523 restat,
1313 2450 1431 2508 nisi
1475 2450 1547 2507 ut
1593 2448 2064 2508 emendationem
2110 2450 2277 2508 illam
2323 2450 2584 2526 Erasmi,
2640 2454 2709 2510 ut

359 2539 729 2599 Bitschelius
786 2532 853 2618 (1.
899 2540 939 2599 l.
987 2534 1394 2618 OGOXXVII)
1437 2538 1859 2598 Fleckeisenus
1905 2537 2415 2614 Umpfenbachius
2474 2558 2707 2616 accepe-

369 2631 539 2705 runt,
593 2647 701 2689 nos
756 2647 991 2704 quoque
1046 2628 1422 2689 asciscamuS.
1513 2628 1773 2688 Huiusce
1824 2626 2014 2704 igitur
2066 2628 2262 2687 locum
2321 2632 2461 2689 ante
2507 2648 2707 2690 conso-

372 2721 615 2777 nantem
659 2717 895 2777 retinet.
1130 2735 1135 2741 ·

550 2824 725 2885 Alter
769 2825 934 2885 locus
981 2827 1075 2884 est
1118 2824 1356 2885 Phorm.
1404 2828 1561 2886 827:

689 2914 949 2974 Huiusce
1000 2913 1325 2973 habendae.
1390 2913 1496 2973 sed
1542 2914 1646 2973 ubi
1690 2931 1829 2974 nam
1867 2912 2082 2974 Getam
2124 2910 2391 2977 invenire
2437 2914 2707 2993 possim?

552 3001 701 3061 Cum
738 3002 1053 3062 Terentius
1090 3002 1343 3062 formam
1378 3003 1612 3063 huiusce
1645 3003 1969 3080 scripserit,
2007 3004 2214 3076 eadem
2249 3005 2442 3068 forma
2475 3006 2540 3065 in
2575 3026 2744 3083 pro-.

338 3093 512 3170 -logo
558 3090 971 3171 Captivorum,
1025 3091 1129 3168 qui
1171 3090 1376 3151 Plauti
1419 3110 1541 3152 non
1585 3097 1704 3168 est,
1758 3093 1876 3153 nisi
1921 3093 2074 3153 aliae
2120 3094 2506 3155 difficultates
2553 3114 2711 3155 acce-

366 3181 601 3257 derent,
646 3181 1042 3257 suspicionem
1091 3199 1210 3241 non
1252 3184 1545 3255 moveret,
1590 3201 1645 3241 v.
1696 3184 1795 3242 10.

695 3269 864 3329 Patri
907 3271 1155 3330 huiusce.
1200 3270 1321 3329 iam
1365 3271 1476 3331 hoc
1520 3270 1783 3331 tenetis?
1821 3275 2209 3348 optumumst.

374 3358 474 3419 Sic
535 3359 694 3418 libri.
785 3359 890 3418 sed
944 3358 1093 3440 haec
1155 3360 1339 3418 verba
1398 3378 1638 3420 versum
1696 3379 1817 3420 non
1871 3360 2150 3422 efficiunt.
2242 3360 2582 3439 Geppertus
2650 3364 2712 3420 et

375 3448 616 3507 Brixius
664 3447 1051 3523 scripserunt:
1946 3522 1954 3530 .

691 3537 893 3596 Huius
936 3536 1112 3612 patri.
1166 3537 1365 3598 iamne
1408 3539 1521 3598 hoc
1564 3527 2257 3615 tenetisrofifiumumst.

376 3623 798 3685 Fleckeisenus
845 3625 1057 3685 edidit:
1271 3678 1412 3709 Α

697 3710 1003 3790 [Domino]
1051 3714 1212 3790 patri
1246 3717 1493 3777 huiusce.
1566 3717 1686 3777 iam
1731 3717 1841 3776 11όο
1887 3717 2147 3778 tenetis?
2195 3723 2580 3796 optumumst.

379 3802 624 3879 Aliquid
669 3804 816 3862 certi
860 3804 961 3863 vix
1004 3804 1254 3880 reperiri
1296 3806 1539 3881 poterit.

553 3891 844 3952 Versibus
889 3893 1124 3970 prologi
1168 3894 1415 3954 Poenuli
1444 3897 1547 3955 83.
1598 3897 1724 3954 120
1772 3893 2109 3972 Geppertus
2149 3898 2213 3960 in
2249 3898 2526 3978 editione,
2571 3900 2713 3960 Am-

374 3980 560 4056 phitr.
603 3981 751 4057 prol.
791 3983 872 4041 96
921 3981 1403 4043 CFGMuellerus
1450 3983 1793 4043 additamm.
1830 4003 1886 4061 p.
1929 3985 2071 4060 130,
2120 3987 2334 4063 quibus
2381 3989 2528 4050 locis
2572 3991 2713 4050 libri

375 4071 550 4129 hwius
592 4070 817 4130 habent
834 4116 849 4145 ,
895 4071 1096 4130 hiatus
1143 4072 1395 4132 tollendi
1438 4091 1619 4132 causa
1662 4075 1895 4134 huiusce
1938 4075 2288 4136 intulerunt.
2389 4069 2538 4138 Cum
2595 4080 2712 4140 duo

376 4158 470 4217 illi
512 4159 747 4235 prologi
788 4177 907 4219 non
943 4159 1160 4236 Plauti,
1208 4161 1314 4220 sed
1347 4161 1698 4238 posterioris
1744 4163 1961 4223 aetatis
2009 4164 2144 4242 sint,
2190 4165 2446 4227 fortasse
2482 4170 2714 4230 hwe'usce

382 4266 524 4306 vera
570 4248 905 4308 emendatio
950 4250 1059 4309 est.

470 4334 649 4396 Poen.
692 4338 840 4412 prol.
889 4340 991 4398 83.
1064 4337 1180 4398 Sed
1224 4339 1316 4397 ssli
1358 4344 1576 4416 patruo
1615 4340 1906 4417 Ιιαὸάεὼε)
1955 4342 2056 4419 qui
2101 4344 2252 4406 vivit
2297 4365 2492 4409 senex.
2615 4333 2625 4342 ”

470 4424 649 4484 Poen.
694 4427 841 4499 prol.
895 4429 1035 4488 120.
1108 4427 1168 4487 Is
1212 4428 1304 4488 1111
1349 4428 1564 4504 Poen0‚
1610 4431 1897 4508 huids(ce)
1941 4436 2174 4510 patruo,
2222 4437 2435 4513 hospes
2481 4437 2613 4501 fuit.
