3009 4767
1291 235 1685 293 -4-..

310 395 392 454 tis
451 392 567 454 viri
626 394 783 455 docti
842 395 937 454 tot
993 398 1236 470 tamque
1292 394 1492 455 varias
1552 393 1879 453 sententias
1933 394 2343 471 protulerunt,
2401 396 2472 453 ut
2523 395 2654 453 tota

310 485 459 544 haec
512 503 610 543 res
665 485 857 544 adhuc
917 485 1171 544 obscura
1228 486 1290 542 et
1343 483 1526 543 dubia
1580 502 1709 543 esse
1759 483 2053 544 videatur.
2125 482 2420 542 Dixerunt
2464 483 2538 541 de
2583 500 2655 541 ea

312 573 664 650 quaestione
715 572 1099 633 Aufrechtius
1113 620 1128 647 ,
1186 572 1480 649 Boppius,
1545 571 1829 632 Benfeius
1844 561 1887 650 ,‘
1924 591 2177 648 quorum
2232 571 2652 632 Fleckeisenus

316 663 381 726 in
444 662 641 721 Iahnii
702 662 941 722 Annall.
983 664 1061 722 67
1104 655 1337 741 (1853)
1377 682 1433 737 p.
1475 664 1603 721 114
1662 661 2026 721 mentionem
2087 661 2254 735 facit,
2322 659 2652 722 Corssenus

319 752 393 811 de
439 754 716 829 pronunt.
764 756 876 812 etc.
912 751 1059 828 ling.
1094 751 1226 812 Lat.
1261 742 1350 809 Π2
1389 751 1514 810 672
1556 769 1649 824 66.,
1697 750 1801 826 qui
1845 751 1909 809 in
1952 750 2434 811 adnotationibus
2489 750 2655 826 pagi-

313 840 406 901 nis
466 842 589 901 672
605 872 688 881 -—
705 843 828 902 677
897 840 1163 900 eiusdem
1225 839 1369 899 libri
1433 839 1717 900 subiectis
1781 839 2094 899 Meunierii
2159 842 2222 899 et
2282 838 2655 912 Windischii,

311 950 369 1006 p.
411 932 583 990 1020
621 950 666 989 s.
713 932 916 989 autem
967 929 1287 1007 Merguetii
1336 928 1693 989 sententiam
1739 928 2082 1006 impugnat3
2138 927 2349 987 deinde
2394 928 2654 988 Bueche-

311 1020 474 1082 lorus
487 1065 503 1094 ,
561 1019 656 1078 cui
710 1018 853 1095 quid
920 1018 1195 1079 videatur
1257 1018 1399 1077 libri
1452 1037 1631 1093 quem
1687 1018 1760 1077 de
1816 1016 2207 1078 declinatione
2263 1016 2503 1094 scripsit
2557 1036 2658 1093 pa-

315 1107 474 1209 ginis
525 1109 606 1167 33
655 1111 717 1168 et
764 1110 846 1168 39
894 1108 1127 1168 collatis
1174 1107 1328 1167 effici
1373 1108 1602 1185 potest;
1649 1107 1900 1183 attingit
1945 1126 2075 1167 eam
2112 1126 2242 1166 rem
2278 1106 2461 1166 etiam
2498 1106 2656 1165 Neu-

316 1198 410 1256 ius
458 1196 532 1256 de
575 1197 782 1272 formis
828 1197 973 1274 ling.
1010 1196 1144 1259 Lat.
1159 1188 1248 1256 112
1280 1199 1434 1274 1913
1479 1196 1864 1273 Hartungum
1908 1198 1971 1255 et
2014 1196 2170 1256 Max.
2197 1188 2654 1275 Schmidtiuml)

317 1285 390 1345 de
437 1284 644 1345 eadem
688 1305 754 1345 16
800 1286 997 1363 egisse
1034 1286 1397 1346 Ritschelius
1434 1304 1633 1361 opusc.
1669 1286 1732 1344 II
1771 1287 1897 1348 668
1937 1284 2097 1347 dicit.
2125 1285 2489 1346 Ritschelius
2525 1285 2655 1361 ipse

315 1393 385 1433 eo
429 1375 584 1449 loco,
635 1393 995 1451 quamquam
1040 1375 1439 1436 coniecturam
1484 1374 1782 1450 quandam
1825 1375 2081 1450 profert,
2136 1375 2544 1451 quaestionem
2588 1373 2651 1432 in

318 1463 498 1523 dubio
526 1464 827 1544 relinquit
866 1484 1058 1541 neque
1095 1465 1271 1524 aliter
1307 1463 1721 1523 Schleicherus
1756 1464 1927 1534 facit,
1969 1482 2223 1542 gramm.
2262 1483 2448 1544 comp.
2487 1463 2578 1526 ed.
2605 1463 2652 1521 I.

314 1573 372 1629 p.
409 1537 565 1628 486,
621 1552 712 1613 ed.
748 1553 856 1613 III.
900 1574 957 1630 p.
999 1555 1123 1613 612
1180 1553 1432 1614 formam
1487 1552 1655 1614 illam
1707 1553 1973 1630 genetivi
2033 1553 2348 1616 obscuram
2394 1571 2525 1624 esse
2569 1544 2654 1611 di-

316 1659 473 1703 cens.
544 1642 679 1719 Ego
737 1643 1010 1703 omnibus
1064 1643 1140 1702 iis
1186 1660 1340 1717 quae
1393 1642 1508 1703 viri
1564 1642 1724 1702 docti
1771 1643 2261 1720 excogitaverunt
2304 1641 2652 1701 enarrandis

317 1731 712 1807 supersedens
768 1751 956 1791 unum
1008 1733 1244 1791 tantum
1299 1731 1479 1805 addo,
1533 1731 1792 1791 maxime
1843 1732 2249 1793 Buechelerus
2302 1750 2455 1808 quae
2514 1750 2653 1807 pro-

312 1821 581 1896 posuerit
625 1821 775 1880 mihi
816 1822 1070 1897 placere.
2321 1867 2328 1878 ,

478 1910 563 1968 111
618 1909 1021 2012 disputatione
1074 1912 1282 1970 nostra
1335 1910 1705 1970 instituenda
1760 1928 1831 1970 ea
1882 1908 2337 1986 progrediamur
2396 1908 2521 1985 via,
2587 1912 2656 1968 ut

312 1998 574 2074 primum
642 2000 717 2058 de
774 1999 850 2059 iis
909 1999 1232 2076 genetiviS,
1297 2018 1551 2100 quor-um
1612 1998 2091 2060 terminationem
2156 2001 2250 2058 ius
2323 2017 2651 2070 consonans

315 2087 615 2147 antecedit
630 2134 646 2166 ,
709 2088 815 2164 qui
866 2088 1134 2165 genetivi
1187 2088 1605 2163 pronominum
1659 2089 1756 2147 ille
1799 2091 1906 2148 istc
1948 2090 2072 2163 ipse
2116 2091 2178 2147 et
2221 2088 2652 2149 adjectivorum

312 2177 817 2262 pronominalium
872 2180 1016 2237 sunt
1068 2195 1346 2253 agamus,
1410 2178 1605 2237 altera
1660 2177 1872 2237 deinde
1924 2179 2100 2253 parte
2152 2177 2463 2253 genetivos
2517 2197 2652 2254 pro-

312 2267 619 2327 nominum
673 2269 727 2326 is
780 2267 872 2326 hic
926 2269 1025 2341 qui
1079 2265 1288 2343 (quis),
1352 2268 1455 2343 qui
1510 2269 1650 2326 ante
1706 2266 2188 2344 terminationem
2241 2270 2336 2328 ius
2389 2268 2654 2327 vocalem

311 2355 554 2430 habent,
603 2356 1091 2434 complectamur.
1136 2409 1151 2422 .

1181 2561 1422 2629 PARS
1475 2563 1791 2631 PRIOR.

405 2704 495 2772 De
539 2703 865 2788 genetivis
909 2703 978 2792 in
1023 2704 1140 2772 ius
1187 2704 1652 2802 desinentibus,
1710 2705 1821 2789 qui
1866 2707 2014 2773 ante
2059 2705 2567 2786 terminationem

1116 2814 1561 2879 consonantem
1604 2813 1866 2881 habent.

496 2942 926 3004 Genetivorum
1004 2944 1420 3049 pronominum
1495 2948 1557 3004 e't
1629 2944 2056 3006 adiectivorum
2137 2945 2656 3022 pronominalium,

320 3053 571 3109 quorum
617 3033 1100 3093 terminationem
1143 3036 1239 3094 ius
1283 3053 1609 3095 consonans
1656 3034 1981 3110 antecedit,
2041 3052 2175 3093 cum
2222 3035 2447 3095 usitata
2491 3054 2656 3094 men-

321 3139 464 3182 sura
509 3139 581 3199 ea
627 3122 724 3199 sit,
767 3125 840 3181 ut
883 3122 1143 3198 priorem
1191 3124 1319 3183 eius
1364 3123 1805 3184 terminationis
1853 3124 2152 3199 syllabam
2199 3123 2282 3182 et
2306 3124 2656 3225 productam

320 3214 382 3270 et
417 3190 664 3270 accentu
700 3213 971 3271 notatam
1005 3212 1282 3288 habeant,
1326 3212 1589 3288 primum
1626 3215 1790 3272 certa
1816 3214 2085 3288 exempla
2110 3214 2421 3290 genetivos
2459 3213 2521 3271 in
2555 3232 2659 3272 cus

318 3300 670 3360 terminatos
708 3301 1085 3360 ostendentia
1130 3320 1477 3378 componam
1514 3302 1710 3363 levem
1755 3302 2074 3362 lectionum
2099 3302 2490 3363 varietatem·
2504 3320 2659 3378 quae

322 3389 523 3449 sedem
570 3407 775 3449 eorum
819 3390 1234 3467 genetivorum
1277 3409 1398 3452 non
1443 3391 1704 3468 attingit
1734 3392 2219 3467 praetermittens
2240 3384 2311 3473 ²).

357 3605 404 3666 I.
463 3603 995 3667 Enumerantur
1048 3604 1378 3683 genetivi
1431 3605 1504 3665 in
1548 3608 1660 3667 ius
1704 3605 2150 3666 trochaicum
2197 3605 2621 3666 desinentes

1267 3697 1719 3773 paroxytoni.

460 3847 467 3854 *
500 3819 574 3880 A.
661 3818 939 3882 Genetivi
981 3805 1149 3881 illius
1194 3821 1342 3881 haec
1387 3821 1530 3880 sunt
1575 3821 1870 3896 exempla:

325 4026 426 4094 vffi
462 3944 572 4094 Ἰ..111
614 3944 884 4006 iambicis
931 3939 1180 4006 senariis
1225 3930 1395 4006 imus
1438 3945 1698 4022 primum
1744 3945 2010 4004 iambum
2057 3947 2120 4005 et
2154 3931 2408 4005 aiteram
2437 3942 2658 4006 thesim

325 4054 358 4094 e
428 4053 482 4093 61
520 4057 536 4094 :

504 4209 556 4275 1)
606 4205 885 4276 Hartungi
934 4206 1125 4275 (uebcr
1174 4206 1266 4262 die
1317 4205 1489 4261 Oasus
1528 4249 1541 4261 .
1582 4249 1595 4262 .
1691 4209 1928 4290 1831)·=
1898 4207 1958 4261 et
2007 4204 2304 4262 Schmidtii
2358 4206 2451 4277 (de
2499 4221 2657 4277 pron.

324 4276 517 4332 Graec.
556 4278 614 4332 et
649 4277 972 4347 1111111832)
1006 4277 1276 4333 librorum
1315 4277 1536 4361 copiam
1572 4249 1712 4333 mihi
1748 4278 1932 4333 facere
1967 4294 2080 4333 non
2115 4278 2294 4348 potui.

502 4350 556 4418 2)
593 4349 943 4417 Fragmentis
979 4352 1273 4419 poetarum
1309 4350 1688 4405 scaenicorum
1726 4354 1784 4404 et
1820 4349 2111 4405 sententiis
2141 4348 2369 4405 Publilii
2397 4348 2524 4419 syri
2558 4367 2656 4403 nu-

323 4437 505 4475 meros
542 4419 771 4475 alterius
808 4420 1074 4475 editionis
1110 4421 1407 4477 Ribbeckii
1443 4421 1729 4491 adscripsi.
