<?xml version="1.0" encoding="UTF-8"?>
<!DOCTYPE html PUBLIC "-//W3C//DTD XHTML 1.0 Transitional//EN"
    "http://www.w3.org/TR/xhtml1/DTD/xhtml1-transitional.dtd">
<html xmlns="http://www.w3.org/1999/xhtml" xml:lang="en" lang="en">
 <head>
  <title>
</title>
<meta http-equiv="Content-Type" content="text/html;charset=utf-8" />
  <meta name='ocr-system' content='tesseract 3.04.00' />
  <meta name='ocr-capabilities' content='ocr_page ocr_carea ocr_par ocr_line ocrx_word'/>
</head>
<body>
  <div class='ocr_page' id='page_1' title='image "./devariaquaeesta01brangoog_0056.png"; bbox 0 0 3009 4767; ppageno 0'>
   <div class='ocr_carea' id='block_1_1' title="bbox 1357 237 1796 328">
    <p class='ocr_par' dir='ltr' id='par_1_1' title="bbox 1357 237 1796 328">
     <span class='ocr_line' id='line_1_1' title="bbox 1357 237 1796 328; baseline 0.005 -18"><span class='ocrx_word' id='word_1_1' title='bbox 1357 237 1620 328; x_wconf 46' lang='lat'><strong>..⁰52</strong></span> <span class='ocrx_word' id='word_1_2' title='bbox 1710 301 1796 312; x_wconf 79' lang='grc'><strong>..-</strong></span> 
     </span>
    </p>
   </div>
   <div class='ocr_carea' id='block_1_2' title="bbox 408 412 2754 1305">
    <p class='ocr_par' dir='ltr' id='par_1_2' title="bbox 728 412 2365 511">
     <span class='ocr_line' id='line_1_2' title="bbox 728 412 2365 511; baseline 0.002 -26"><span class='ocrx_word' id='word_1_3' title='bbox 728 412 860 488; x_wconf 60' lang='lat' dir='ltr'><strong>Tibi</strong></span> <span class='ocrx_word' id='word_1_4' title='bbox 912 445 1145 504; x_wconf 87' lang='lat' dir='ltr'><strong>quoque</strong></span> <span class='ocrx_word' id='word_1_5' title='bbox 1189 427 1379 487; x_wconf 89' lang='lat' dir='ltr'><strong>iratus</strong></span> <span class='ocrx_word' id='word_1_6' title='bbox 1428 427 1640 503; x_wconf 72' lang='lat' dir='ltr'><strong>edepol</strong></span> <span class='ocrx_word' id='word_1_7' title='bbox 1686 446 1834 501; x_wconf 90' lang='lat' dir='ltr'><strong>sum,</strong></span> <span class='ocrx_word' id='word_1_8' title='bbox 1880 426 2250 488; x_wconf 73' lang='lat' dir='ltr'><strong>Philumena.</strong></span> <span class='ocrx_word' id='word_1_9' title='bbox 2360 505 2365 511; x_wconf 14' lang='grc' dir='ltr'><strong><em>ἡ</em></strong></span> 
     </span>
    </p>

    <p class='ocr_par' dir='ltr' id='par_1_3' title="bbox 408 506 2754 1305">
     <span class='ocr_line' id='line_1_3' title="bbox 585 506 2749 584; baseline 0 -9"><span class='ocrx_word' id='word_1_10' title='bbox 585 517 800 577; x_wconf 84' lang='lat' dir='ltr'><strong>Restat</strong></span> <span class='ocrx_word' id='word_1_11' title='bbox 851 518 924 574; x_wconf 89' lang='lat' dir='ltr'><strong>ut</strong></span> <span class='ocrx_word' id='word_1_12' title='bbox 978 517 1051 575; x_wconf 90' lang='lat' dir='ltr'><strong>de</strong></span> <span class='ocrx_word' id='word_1_13' title='bbox 1107 515 1302 576; x_wconf 87' lang='lat' dir='ltr'><strong>tribus</strong></span> <span class='ocrx_word' id='word_1_14' title='bbox 1358 515 1893 576; x_wconf 86' lang='lat' dir='ltr'><strong>consociationibus</strong></span> <span class='ocrx_word' id='word_1_15' title='bbox 1949 518 2072 575; x_wconf 79' lang='lat' dir='ltr'><strong>eius</strong></span> <span class='ocrx_word' id='word_1_16' title='bbox 2123 510 2306 584; x_wconf 75' lang='lat' dir='ltr'><strong>modi,</strong></span> <span class='ocrx_word' id='word_1_17' title='bbox 2359 506 2530 576; x_wconf 71' lang='lat' dir='ltr'><strong>huius</strong></span> <span class='ocrx_word' id='word_1_18' title='bbox 2573 518 2749 583; x_wconf 80' lang='lat' dir='ltr'><strong>modi,</strong></span> 
     </span>
     <span class='ocr_line' id='line_1_4' title="bbox 412 603 2751 682; baseline -0.001 -16"><span class='ocrx_word' id='word_1_19' title='bbox 412 608 699 680; x_wconf 73' lang='lat' dir='ltr'><strong>quoimodi</strong></span> <span class='ocrx_word' id='word_1_20' title='bbox 759 624 951 682; x_wconf 90' lang='lat' dir='ltr'><strong>pauca</strong></span> <span class='ocrx_word' id='word_1_21' title='bbox 1015 603 1246 664; x_wconf 81' lang='lat' dir='ltr'>addam.</span> <span class='ocrx_word' id='word_1_22' title='bbox 1345 606 1547 665; x_wconf 72' lang='lat' dir='ltr'><strong>Huius</strong></span> <span class='ocrx_word' id='word_1_23' title='bbox 1607 607 1763 664; x_wconf 78' lang='lat' dir='ltr'><strong>modi</strong></span> <span class='ocrx_word' id='word_1_24' title='bbox 1824 604 1985 681; x_wconf 88' lang='lat' dir='ltr'><strong>apud</strong></span> <span class='ocrx_word' id='word_1_25' title='bbox 2019 603 2322 664; x_wconf 74' lang='lat' dir='ltr'><strong>&#39;Plautum</strong></span> <span class='ocrx_word' id='word_1_26' title='bbox 2373 623 2494 665; x_wconf 87' lang='lat' dir='ltr'><strong>non</strong></span> <span class='ocrx_word' id='word_1_27' title='bbox 2546 624 2751 679; x_wconf 87' lang='lat' dir='ltr'><strong>unum,</strong></span> 
     </span>
     <span class='ocr_line' id='line_1_5' title="bbox 421 694 2753 772; baseline -0 -17"><span class='ocrx_word' id='word_1_28' title='bbox 421 696 526 755; x_wconf 89' lang='lat' dir='ltr'><strong>sed</strong></span> <span class='ocrx_word' id='word_1_29' title='bbox 570 695 687 755; x_wconf 91' lang='lat' dir='ltr'><strong>duo</strong></span> <span class='ocrx_word' id='word_1_30' title='bbox 731 694 1023 755; x_wconf 82' lang='lat' dir='ltr'><strong>vocabula</strong></span> <span class='ocrx_word' id='word_1_31' title='bbox 1067 713 1200 753; x_wconf 88' lang='lat' dir='ltr'><strong>esse</strong></span> <span class='ocrx_word' id='word_1_32' title='bbox 1244 695 1440 753; x_wconf 90' lang='lat' dir='ltr'><strong>locum</strong></span> <span class='ocrx_word' id='word_1_33' title='bbox 1486 694 1609 752; x_wconf 84' lang='lat' dir='ltr'><strong>Mil.</strong></span> <span class='ocrx_word' id='word_1_34' title='bbox 1651 696 1819 754; x_wconf 88' lang='grc'>1023</span> <span class='ocrx_word' id='word_1_35' title='bbox 1870 697 2107 754; x_wconf 88' lang='lat' dir='ltr'><strong>secutus</strong></span> <span class='ocrx_word' id='word_1_36' title='bbox 2154 697 2216 754; x_wconf 87' lang='lat' dir='ltr'><strong>et</strong></span> <span class='ocrx_word' id='word_1_37' title='bbox 2257 694 2538 772; x_wconf 83' lang='lat' dir='ltr'><strong>prosodia</strong></span> <span class='ocrx_word' id='word_1_38' title='bbox 2579 695 2753 754; x_wconf 56' lang='lat' dir='ltr'><strong>haias</strong></span> 
     </span>
     <span class='ocr_line' id='line_1_6' title="bbox 416 779 2752 861; baseline -0.001 -17"><span class='ocrx_word' id='word_1_39' title='bbox 416 786 589 859; x_wconf 79' lang='lat' dir='ltr'><strong>modi,</strong></span> <span class='ocrx_word' id='word_1_40' title='bbox 643 803 795 860; x_wconf 88' lang='lat' dir='ltr'><strong>quae</strong></span> <span class='ocrx_word' id='word_1_41' title='bbox 848 787 944 843; x_wconf 87' lang='lat' dir='ltr'><strong>ter</strong></span> <span class='ocrx_word' id='word_1_42' title='bbox 997 782 1157 861; x_wconf 89' lang='lat' dir='ltr'><strong>apud</strong></span> <span class='ocrx_word' id='word_1_43' title='bbox 1203 781 1551 843; x_wconf 83' lang='lat' dir='ltr'><strong>Terentium</strong></span> <span class='ocrx_word' id='word_1_44' title='bbox 1604 783 1876 858; x_wconf 82' lang='lat' dir='ltr'><strong>occurrit,</strong></span> <span class='ocrx_word' id='word_1_45' title='bbox 1929 783 2144 843; x_wconf 90' lang='lat' dir='ltr'><strong>indicio</strong></span> <span class='ocrx_word' id='word_1_46' title='bbox 2190 801 2335 843; x_wconf 89' lang='lat' dir='ltr'><strong>usus</strong></span> <span class='ocrx_word' id='word_1_47' title='bbox 2384 779 2568 860; x_wconf 86' lang='lat' dir='ltr'><strong>supra</strong></span> <span class='ocrx_word' id='word_1_48' title='bbox 2613 783 2752 842; x_wconf 82' lang='lat' dir='ltr'><strong>dixi.</strong></span> 
     </span>
     <span class='ocr_line' id='line_1_7' title="bbox 412 872 2754 950; baseline -0.001 -17"><span class='ocrx_word' id='word_1_49' title='bbox 412 874 569 933; x_wconf 71' lang='lat' dir='ltr'><strong>Eius</strong></span> <span class='ocrx_word' id='word_1_50' title='bbox 619 875 775 933; x_wconf 81' lang='lat' dir='ltr'><strong>modi</strong></span> <span class='ocrx_word' id='word_1_51' title='bbox 818 876 1024 932; x_wconf 85' lang='lat' dir='ltr'><strong>utrum</strong></span> <span class='ocrx_word' id='word_1_52' title='bbox 1067 872 1295 950; x_wconf 88' lang='lat' dir='ltr'><strong>pariter</strong></span> <span class='ocrx_word' id='word_1_53' title='bbox 1338 889 1408 931; x_wconf 88' lang='lat' dir='ltr'><strong>ac</strong></span> <span class='ocrx_word' id='word_1_54' title='bbox 1452 873 1739 946; x_wconf 61' lang='lat' dir='ltr'><strong>quodmodo:</strong></span> <span class='ocrx_word' id='word_1_55' title='bbox 1782 875 2124 933; x_wconf 75' lang='lat' dir='ltr'><strong>constanter</strong></span> <span class='ocrx_word' id='word_1_56' title='bbox 2169 892 2353 932; x_wconf 83' lang='lat' dir='ltr'><strong>unum</strong></span> <span class='ocrx_word' id='word_1_57' title='bbox 2395 872 2754 932; x_wconf 86' lang='lat' dir='ltr'><strong>vocabulum</strong></span> 
     </span>
     <span class='ocr_line' id='line_1_8' title="bbox 411 961 2752 1040; baseline -0 -20"><span class='ocrx_word' id='word_1_58' title='bbox 411 962 699 1021; x_wconf 88' lang='lat' dir='ltr'><strong>creticum</strong></span> <span class='ocrx_word' id='word_1_59' title='bbox 752 962 959 1022; x_wconf 75' lang='lat' dir='ltr'><strong>eimodi</strong></span> <span class='ocrx_word' id='word_1_60' title='bbox 1011 961 1195 1020; x_wconf 75' lang='lat' dir='ltr'><strong>fuerit</strong></span> <span class='ocrx_word' id='word_1_61' title='bbox 1248 980 1327 1020; x_wconf 90' lang='lat' dir='ltr'><strong>an</strong></span> <span class='ocrx_word' id='word_1_62' title='bbox 1371 961 1487 1019; x_wconf 87' lang='lat' dir='ltr'><strong>duo</strong></span> <span class='ocrx_word' id='word_1_63' title='bbox 1534 961 1841 1037; x_wconf 86' lang='lat' dir='ltr'><strong>vocabula,</strong></span> <span class='ocrx_word' id='word_1_64' title='bbox 1889 980 2023 1022; x_wconf 91' lang='lat' dir='ltr'><strong>cum</strong></span> <span class='ocrx_word' id='word_1_65' title='bbox 2069 963 2330 1038; x_wconf 86' lang='lat' dir='ltr'><strong>quinque</strong></span> <span class='ocrx_word' id='word_1_66' title='bbox 2374 965 2611 1040; x_wconf 83' lang='lat' dir='ltr'><strong>tantum</strong></span> <span class='ocrx_word' id='word_1_67' title='bbox 2657 980 2752 1020; x_wconf 82' lang='lat' dir='ltr'><strong>ex-</strong></span> 
     </span>
     <span class='ocr_line' id='line_1_9' title="bbox 409 1049 2751 1128; baseline -0.001 -18"><span class='ocrx_word' id='word_1_68' title='bbox 409 1052 607 1128; x_wconf 90' lang='lat' dir='ltr'><strong>empla</strong></span> <span class='ocrx_word' id='word_1_69' title='bbox 668 1051 827 1127; x_wconf 91' lang='lat' dir='ltr'><strong>apud</strong></span> <span class='ocrx_word' id='word_1_70' title='bbox 879 1050 1165 1110; x_wconf 90' lang='lat' dir='ltr'><strong>Plautum</strong></span> <span class='ocrx_word' id='word_1_71' title='bbox 1229 1053 1291 1109; x_wconf 90' lang='lat' dir='ltr'><strong>et</strong></span> <span class='ocrx_word' id='word_1_72' title='bbox 1349 1049 1697 1109; x_wconf 85' lang='lat' dir='ltr'><strong>Terentium</strong></span> <span class='ocrx_word' id='word_1_73' title='bbox 1766 1050 1911 1123; x_wconf 89' lang='lat' dir='ltr'><strong>sint,</strong></span> <span class='ocrx_word' id='word_1_74' title='bbox 1977 1050 2290 1109; x_wconf 87' lang='lat' dir='ltr'><strong>diiudicari</strong></span> <span class='ocrx_word' id='word_1_75' title='bbox 2351 1070 2470 1111; x_wconf 88' lang='lat' dir='ltr'><strong>non</strong></span> <span class='ocrx_word' id='word_1_76' title='bbox 2532 1052 2751 1127; x_wconf 86' lang='lat' dir='ltr'><strong>potest.</strong></span> 
     </span>
     <span class='ocr_line' id='line_1_10' title="bbox 408 1137 2751 1217; baseline -0.002 -17"><span class='ocrx_word' id='word_1_77' title='bbox 408 1139 647 1200; x_wconf 71' lang='lat' dir='ltr'><strong>Elmodi</strong></span> <span class='ocrx_word' id='word_1_78' title='bbox 690 1157 808 1200; x_wconf 90' lang='lat' dir='ltr'><strong>uno</strong></span> <span class='ocrx_word' id='word_1_79' title='bbox 847 1137 1146 1198; x_wconf 78' lang='lat' dir='ltr'>Ciceronis</span> <span class='ocrx_word' id='word_1_80' title='bbox 1191 1138 1321 1198; x_wconf 92' lang='lat' dir='ltr'><strong>loco</strong></span> <span class='ocrx_word' id='word_1_81' title='bbox 1368 1138 1601 1198; x_wconf 88' lang='lat' dir='ltr'><strong>duobus</strong></span> <span class='ocrx_word' id='word_1_82' title='bbox 1647 1139 1710 1196; x_wconf 91' lang='lat' dir='ltr'><strong>in</strong></span> <span class='ocrx_word' id='word_1_83' title='bbox 1753 1138 1925 1199; x_wconf 88' lang='lat' dir='ltr'><strong>libris</strong></span> <span class='ocrx_word' id='word_1_84' title='bbox 1970 1157 2102 1199; x_wconf 89' lang='lat' dir='ltr'><strong>esse</strong></span> <span class='ocrx_word' id='word_1_85' title='bbox 2149 1159 2333 1217; x_wconf 89' lang='lat' dir='ltr'><strong>supra</strong></span> <span class='ocrx_word' id='word_1_86' title='bbox 2375 1160 2436 1215; x_wconf 88' lang='lat' dir='ltr'><strong>p.</strong></span> <span class='ocrx_word' id='word_1_87' title='bbox 2476 1141 2560 1198; x_wconf 82' lang='lat'><strong>42</strong></span> <span class='ocrx_word' id='word_1_88' title='bbox 2609 1138 2751 1198; x_wconf 86' lang='lat' dir='ltr'><strong>dixi.</strong></span> 
     </span>
     <span class='ocr_line' id='line_1_11' title="bbox 408 1227 2752 1305; baseline -0.001 -17"><span class='ocrx_word' id='word_1_89' title='bbox 408 1228 641 1288; x_wconf 74' lang='lat' dir='ltr'><strong>Gellius</strong></span> <span class='ocrx_word' id='word_1_90' title='bbox 688 1227 945 1305; x_wconf 87' lang='lat' dir='ltr'><strong>quidem,</strong></span> <span class='ocrx_word' id='word_1_91' title='bbox 992 1227 1094 1304; x_wconf 90' lang='lat' dir='ltr'><strong>qui</strong></span> <span class='ocrx_word' id='word_1_92' title='bbox 1139 1228 1388 1287; x_wconf 78' lang='lat' dir='ltr'><strong>cuimodi</strong></span> <span class='ocrx_word' id='word_1_93' title='bbox 1421 1227 1742 1302; x_wconf 86' lang='lat' dir='ltr'><strong>revocavit,</strong></span> <span class='ocrx_word' id='word_1_94' title='bbox 1784 1246 1978 1303; x_wconf 89' lang='lat' dir='ltr'><strong>neque</strong></span> <span class='ocrx_word' id='word_1_95' title='bbox 2025 1230 2230 1288; x_wconf 77' lang='lat' dir='ltr'><strong>eimedi</strong></span> <span class='ocrx_word' id='word_1_96' title='bbox 2263 1248 2459 1305; x_wconf 87' lang='lat' dir='ltr'><strong>neque</strong></span> <span class='ocrx_word' id='word_1_97' title='bbox 2492 1229 2752 1287; x_wconf 71' lang='lat' dir='ltr'><strong>haimodi</strong></span> 
     </span>
    </p>
   </div>
   <div class='ocr_carea' id='block_1_3' title="bbox 1265 1309 1369 1335">
    <p class='ocr_par' dir='ltr' id='par_1_4' title="bbox 1265 1309 1369 1335">
     <span class='ocr_line' id='line_1_12' title="bbox 1265 1309 1369 1335; baseline 0.019 -2"><span class='ocrx_word' id='word_1_98' title='bbox 1265 1309 1369 1335; x_wconf 52' lang='grc' dir='ltr'>Α</span> 
     </span>
    </p>
   </div>
   <div class='ocr_carea' id='block_1_4' title="bbox 406 1341 2763 2842">
    <p class='ocr_par' dir='ltr' id='par_1_5' title="bbox 406 1341 2763 2842">
     <span class='ocr_line' id='line_1_13' title="bbox 414 1341 2753 1420; baseline -0.001 -17"><span class='ocrx_word' id='word_1_99' title='bbox 414 1344 670 1420; x_wconf 78' lang='lat' dir='ltr'><strong>scripsit.</strong></span> <span class='ocrx_word' id='word_1_100' title='bbox 762 1343 1169 1420; x_wconf 85' lang='lat' dir='ltr'><strong>Trisyllabum</strong></span> <span class='ocrx_word' id='word_1_101' title='bbox 1226 1344 1399 1402; x_wconf 74' lang='lat' dir='ltr'><strong>huius</strong></span> <span class='ocrx_word' id='word_1_102' title='bbox 1449 1344 1606 1403; x_wconf 81' lang='lat' dir='ltr'><strong>modi</strong></span> <span class='ocrx_word' id='word_1_103' title='bbox 1650 1341 1852 1401; x_wconf 90' lang='lat' dir='ltr'><strong>Plauti</strong></span> <span class='ocrx_word' id='word_1_104' title='bbox 1898 1347 1959 1403; x_wconf 89' lang='lat' dir='ltr'><strong>et</strong></span> <span class='ocrx_word' id='word_1_105' title='bbox 2005 1344 2271 1404; x_wconf 73' lang='lat' dir='ltr'><strong>Terentii</strong></span> <span class='ocrx_word' id='word_1_106' title='bbox 2315 1347 2516 1404; x_wconf 87' lang='lat' dir='ltr'><strong>aetate</strong></span> <span class='ocrx_word' id='word_1_107' title='bbox 2560 1344 2753 1403; x_wconf 90' lang='lat' dir='ltr'><strong>multo</strong></span> 
     </span>
     <span class='ocr_line' id='line_1_14' title="bbox 412 1431 2756 1510; baseline 0 -18"><span class='ocrx_word' id='word_1_108' title='bbox 412 1434 608 1510; x_wconf 86' lang='lat' dir='ltr'><strong>magis</strong></span> <span class='ocrx_word' id='word_1_109' title='bbox 664 1452 844 1508; x_wconf 90' lang='lat' dir='ltr'><strong>quam</strong></span> <span class='ocrx_word' id='word_1_110' title='bbox 895 1433 1087 1492; x_wconf 91' lang='lat' dir='ltr'><strong>forma</strong></span> <span class='ocrx_word' id='word_1_111' title='bbox 1139 1434 1424 1509; x_wconf 86' lang='lat' dir='ltr'><strong>quattuor</strong></span> <span class='ocrx_word' id='word_1_112' title='bbox 1471 1431 1845 1508; x_wconf 82' lang='lat' dir='ltr'><strong>syllabarum</strong></span> <span class='ocrx_word' id='word_1_113' title='bbox 1888 1431 2411 1509; x_wconf 75' lang='lat' dir='ltr'><strong>frequentabatur,</strong></span> <span class='ocrx_word' id='word_1_114' title='bbox 2467 1434 2756 1506; x_wconf 75' lang='lat' dir='ltr'><strong>quoimodi</strong></span> 
     </span>
     <span class='ocr_line' id='line_1_15' title="bbox 413 1520 2755 1596; baseline -0 -15"><span class='ocrx_word' id='word_1_115' title='bbox 413 1522 585 1582; x_wconf 85' lang='lat' dir='ltr'><strong>unice</strong></span> <span class='ocrx_word' id='word_1_116' title='bbox 620 1522 684 1580; x_wconf 95' lang='lat' dir='ltr'><strong>in</strong></span> <span class='ocrx_word' id='word_1_117' title='bbox 718 1541 834 1581; x_wconf 89' lang='lat' dir='ltr'><strong>usu</strong></span> <span class='ocrx_word' id='word_1_118' title='bbox 871 1525 1004 1581; x_wconf 87' lang='lat' dir='ltr'><strong>erat</strong></span> <span class='ocrx_word' id='word_1_119' title='bbox 1040 1523 1103 1581; x_wconf 90' lang='lat' dir='ltr'><strong>et</strong></span> <span class='ocrx_word' id='word_1_120' title='bbox 1137 1540 1256 1581; x_wconf 90' lang='lat' dir='ltr'><strong>uno</strong></span> <span class='ocrx_word' id='word_1_121' title='bbox 1293 1520 1582 1581; x_wconf 88' lang='lat' dir='ltr'><strong>vocabulo</strong></span> <span class='ocrx_word' id='word_1_122' title='bbox 1622 1520 2011 1581; x_wconf 76' lang='lat' dir='ltr'><strong>scribebatur.</strong></span> <span class='ocrx_word' id='word_1_123' title='bbox 2076 1522 2379 1596; x_wconf 75' lang='lat' dir='ltr'><strong>Quoimodi</strong></span> <span class='ocrx_word' id='word_1_124' title='bbox 2415 1524 2620 1581; x_wconf 85' lang='lat' dir='ltr'><strong>autem</strong></span> <span class='ocrx_word' id='word_1_125' title='bbox 2653 1540 2755 1581; x_wconf 77' lang='lat' dir='ltr'><strong>vo-</strong></span> 
     </span>
     <span class='ocr_line' id='line_1_16' title="bbox 407 1604 2756 1686; baseline -0.001 -15"><span class='ocrx_word' id='word_1_126' title='bbox 407 1612 688 1671; x_wconf 90' lang='lat' dir='ltr'><strong>cabulum</strong></span> <span class='ocrx_word' id='word_1_127' title='bbox 751 1604 1144 1686; x_wconf 78' lang='lat' dir='ltr'><strong>compositum</strong></span> <span class='ocrx_word' id='word_1_128' title='bbox 1201 1628 1352 1684; x_wconf 88' lang='lat' dir='ltr'><strong>esse,</strong></span> <span class='ocrx_word' id='word_1_129' title='bbox 1397 1629 1535 1668; x_wconf 90' lang='lat' dir='ltr'><strong>cum</strong></span> <span class='ocrx_word' id='word_1_130' title='bbox 1590 1610 1764 1669; x_wconf 78' lang='lat' dir='ltr'><strong>huius</strong></span> <span class='ocrx_word' id='word_1_131' title='bbox 1815 1611 1972 1670; x_wconf 81' lang='lat' dir='ltr'><strong>modi</strong></span> <span class='ocrx_word' id='word_1_132' title='bbox 2027 1613 2089 1670; x_wconf 90' lang='lat' dir='ltr'><strong>et</strong></span> <span class='ocrx_word' id='word_1_133' title='bbox 2129 1610 2387 1671; x_wconf 85' lang='lat' dir='ltr'><strong>fortasse</strong></span> <span class='ocrx_word' id='word_1_134' title='bbox 2436 1614 2558 1670; x_wconf 75' lang='lat' dir='ltr'><strong>eius</strong></span> <span class='ocrx_word' id='word_1_135' title='bbox 2599 1612 2756 1670; x_wconf 78' lang='lat' dir='ltr'><strong>modi</strong></span> 
     </span>
     <span class='ocr_line' id='line_1_17' title="bbox 415 1698 2763 1778; baseline -0 -20"><span class='ocrx_word' id='word_1_136' title='bbox 415 1719 536 1759; x_wconf 91' lang='lat' dir='ltr'><strong>non</strong></span> <span class='ocrx_word' id='word_1_137' title='bbox 593 1701 713 1760; x_wconf 91' lang='lat' dir='ltr'><strong>sint</strong></span> <span class='ocrx_word' id='word_1_138' title='bbox 757 1700 862 1777; x_wconf 89' lang='lat' dir='ltr'><strong>qui</strong></span> <span class='ocrx_word' id='word_1_139' title='bbox 904 1700 1175 1776; x_wconf 89' lang='lat' dir='ltr'><strong>miratur,</strong></span> <span class='ocrx_word' id='word_1_140' title='bbox 1224 1699 1280 1758; x_wconf 90' lang='lat' dir='ltr'><strong>ei</strong></span> <span class='ocrx_word' id='word_1_141' title='bbox 1324 1698 1674 1759; x_wconf 84' lang='lat' dir='ltr'><strong>adverbium</strong></span> <span class='ocrx_word' id='word_1_142' title='bbox 1709 1700 1985 1772; x_wconf 78' lang='lat' dir='ltr'><strong>quomodo</strong></span> <span class='ocrx_word' id='word_1_143' title='bbox 2022 1718 2270 1778; x_wconf 89' lang='lat' dir='ltr'><strong>oppono.</strong></span> <span class='ocrx_word' id='word_1_144' title='bbox 2344 1699 2763 1775; x_wconf 71' lang='lat' dir='ltr'><strong>compositum</strong></span> 
     </span>
     <span class='ocr_line' id='line_1_18' title="bbox 408 1784 2762 1864; baseline -0 -16"><span class='ocrx_word' id='word_1_145' title='bbox 408 1790 567 1848; x_wconf 91' lang='lat' dir='ltr'><strong>enim</strong></span> <span class='ocrx_word' id='word_1_146' title='bbox 609 1784 886 1864; x_wconf 61' lang='lat' dir='ltr'><strong>quomod&amp;</strong></span> <span class='ocrx_word' id='word_1_147' title='bbox 928 1807 1064 1848; x_wconf 90' lang='lat' dir='ltr'><strong>cum</strong></span> <span class='ocrx_word' id='word_1_148' title='bbox 1111 1790 1289 1863; x_wconf 88' lang='lat' dir='ltr'><strong>extet,</strong></span> <span class='ocrx_word' id='word_1_149' title='bbox 1337 1787 1666 1863; x_wconf 87' lang='lat' dir='ltr'><strong>composita</strong></span> <span class='ocrx_word' id='word_1_150' title='bbox 1710 1784 1979 1849; x_wconf 72' lang='lat' dir='ltr'><strong>hocmodb‘</strong></span> <span class='ocrx_word' id='word_1_151' title='bbox 2024 1794 2087 1848; x_wconf 90' lang='lat' dir='ltr'><strong>et</strong></span> <span class='ocrx_word' id='word_1_152' title='bbox 2128 1785 2357 1850; x_wconf 59' lang='lat' dir='ltr'><strong>eomodo</strong></span> <span class='ocrx_word' id='word_1_153' title='bbox 2400 1808 2438 1848; x_wconf 89' lang='lat' dir='ltr'><strong>a</strong></span> <span class='ocrx_word' id='word_1_154' title='bbox 2484 1807 2762 1848; x_wconf 84' lang='lat' dir='ltr'><strong>sermone</strong></span> 
     </span>
     <span class='ocr_line' id='line_1_19' title="bbox 406 1873 2760 1953; baseline -0 -16"><span class='ocrx_word' id='word_1_155' title='bbox 406 1878 623 1939; x_wconf 88' lang='lat' dir='ltr'><strong>Latino</strong></span> <span class='ocrx_word' id='word_1_156' title='bbox 671 1878 910 1938; x_wconf 87' lang='lat' dir='ltr'><strong>absunt.</strong></span> <span class='ocrx_word' id='word_1_157' title='bbox 989 1876 1330 1936; x_wconf 78' lang='lat' dir='ltr'><strong>Priscianus</strong></span> <span class='ocrx_word' id='word_1_158' title='bbox 1376 1876 1591 1952; x_wconf 84' lang='lat' dir='ltr'><strong>igitur,</strong></span> <span class='ocrx_word' id='word_1_159' title='bbox 1648 1879 1937 1953; x_wconf 88' lang='lat' dir='ltr'><strong>quantum</strong></span> <span class='ocrx_word' id='word_1_160' title='bbox 1992 1877 2070 1936; x_wconf 87' lang='lat' dir='ltr'><strong>ad</strong></span> <span class='ocrx_word' id='word_1_161' title='bbox 2121 1878 2296 1939; x_wconf 78' lang='lat' dir='ltr'><strong>huius</strong></span> <span class='ocrx_word' id='word_1_162' title='bbox 2337 1873 2493 1938; x_wconf 82' lang='lat' dir='ltr'><strong>modi</strong></span> <span class='ocrx_word' id='word_1_163' title='bbox 2538 1878 2760 1937; x_wconf 76' lang='lat' dir='ltr'><strong>attinet</strong></span> 
     </span>
     <span class='ocr_line' id='line_1_20' title="bbox 411 1965 2756 2044; baseline -0.001 -17"><span class='ocrx_word' id='word_1_164' title='bbox 411 1969 588 2044; x_wconf 88' lang='lat' dir='ltr'><strong>quale</strong></span> <span class='ocrx_word' id='word_1_165' title='bbox 653 1967 812 2044; x_wconf 88' lang='lat' dir='ltr'><strong>apud</strong></span> <span class='ocrx_word' id='word_1_166' title='bbox 863 1966 1148 2026; x_wconf 88' lang='lat' dir='ltr'><strong>Plautum</strong></span> <span class='ocrx_word' id='word_1_167' title='bbox 1193 1968 1316 2039; x_wconf 89' lang='lat' dir='ltr'><strong>est,</strong></span> <span class='ocrx_word' id='word_1_168' title='bbox 1379 1968 1569 2040; x_wconf 88' lang='lat' dir='ltr'><strong>errat,</strong></span> <span class='ocrx_word' id='word_1_169' title='bbox 1629 1984 1760 2025; x_wconf 90' lang='lat' dir='ltr'><strong>cum</strong></span> <span class='ocrx_word' id='word_1_170' title='bbox 1806 1965 1837 2024; x_wconf 97' lang='lat' dir='ltr'>I</span> <span class='ocrx_word' id='word_1_171' title='bbox 1888 1967 2014 2026; x_wconf 85' lang='lat'><strong>596</strong></span> <span class='ocrx_word' id='word_1_172' title='bbox 2054 1966 2132 2025; x_wconf 91' lang='grc' dir='ltr'><strong>Η.</strong></span> <span class='ocrx_word' id='word_1_173' title='bbox 2187 1967 2346 2027; x_wconf 90' lang='lat' dir='ltr'><strong>dicat</strong></span> <span class='ocrx_word' id='word_1_174' title='bbox 2412 1984 2756 2041; x_wconf 54' lang='lat' dir='ltr'><strong>componim-</strong></span> 
     </span>
     <span class='ocr_line' id='line_1_21' title="bbox 412 2047 2758 2137; baseline -0 -21"><span class='ocrx_word' id='word_1_175' title='bbox 412 2061 509 2116; x_wconf 85' lang='lat' dir='ltr'><strong>twr</strong></span> <span class='ocrx_word' id='word_1_176' title='bbox 560 2059 800 2115; x_wconf 75' lang='lat' dir='ltr'><strong>nomina</strong></span> <span class='ocrx_word' id='word_1_177' title='bbox 856 2074 986 2115; x_wconf 80' lang='lat' dir='ltr'><strong>cum</strong></span> <span class='ocrx_word' id='word_1_178' title='bbox 1026 2056 1498 2129; x_wconf 68' lang='lat' dir='ltr'><strong>pronomm&#39;bus,</strong></span> <span class='ocrx_word' id='word_1_179' title='bbox 1570 2058 1636 2113; x_wconf 79' lang='lat' dir='ltr'><strong>ut</strong></span> <span class='ocrx_word' id='word_1_180' title='bbox 1695 2047 2045 2115; x_wconf 74' lang='lat' dir='ltr'><strong>‘huiusmodi</strong></span> <span class='ocrx_word' id='word_1_181' title='bbox 2087 2058 2256 2116; x_wconf 75' lang='lat' dir='ltr'><strong>istius</strong></span> <span class='ocrx_word' id='word_1_182' title='bbox 2297 2058 2455 2116; x_wconf 80' lang='lat' dir='ltr'><strong>modi</strong></span> <span class='ocrx_word' id='word_1_183' title='bbox 2469 2048 2516 2137; x_wconf 86' lang='lat'><strong>¹)</strong></span> <span class='ocrx_word' id='word_1_184' title='bbox 2561 2056 2758 2115; x_wconf 75' lang='lat' dir='ltr'><strong>huius-</strong></span> 
     </span>
     <span class='ocr_line' id='line_1_22' title="bbox 410 2135 2755 2222; baseline -0 -17"><span class='ocrx_word' id='word_1_185' title='bbox 410 2138 646 2205; x_wconf 79' lang='lat' dir='ltr'><strong>cemodi&#39;</strong></span> <span class='ocrx_word' id='word_1_186' title='bbox 686 2148 836 2205; x_wconf 77' lang='lat' dir='ltr'><strong>sicut</strong></span> <span class='ocrx_word' id='word_1_187' title='bbox 878 2149 931 2203; x_wconf 74' lang='lat' dir='ltr'><strong>et</strong></span> <span class='ocrx_word' id='word_1_188' title='bbox 973 2146 1133 2219; x_wconf 75' lang='lat' dir='ltr'><strong>apud</strong></span> <span class='ocrx_word' id='word_1_189' title='bbox 1171 2143 1424 2204; x_wconf 74' lang='lat' dir='ltr'><strong>Graecos</strong></span> <span class='ocrx_word' id='word_1_190' title='bbox 1460 2135 1950 2222; x_wconf 71' lang='grc' dir='ltr'><strong><em>αὖτοκασύγνητος</em></strong></span> <span class='ocrx_word' id='word_1_191' title='bbox 1987 2136 2406 2216; x_wconf 76' lang='grc' dir='ltr'><strong><em>αὐτοδίδακτος</em></strong></span> <span class='ocrx_word' id='word_1_192' title='bbox 2443 2139 2755 2221; x_wconf 77' lang='grc' dir='ltr'><em>φίλαυτος”;</em></span> 
     </span>
     <span class='ocr_line' id='line_1_23' title="bbox 412 2232 2760 2310; baseline -0.001 -15"><span class='ocrx_word' id='word_1_193' title='bbox 412 2235 661 2295; x_wconf 86' lang='lat' dir='ltr'><strong>eandem</strong></span> <span class='ocrx_word' id='word_1_194' title='bbox 706 2254 833 2293; x_wconf 90' lang='lat' dir='ltr'><strong>rem</strong></span> <span class='ocrx_word' id='word_1_195' title='bbox 881 2234 913 2293; x_wconf 96' lang='grc' dir='ltr'>Ι</span> <span class='ocrx_word' id='word_1_196' title='bbox 941 2235 1088 2294; x_wconf 81' lang='grc'><strong>564.</strong></span> <span class='ocrx_word' id='word_1_197' title='bbox 1124 2232 1187 2291; x_wconf 92' lang='grc' dir='ltr'>Π</span> <span class='ocrx_word' id='word_1_198' title='bbox 1219 2236 1320 2292; x_wconf 90' lang='grc'><strong>22.</strong></span> <span class='ocrx_word' id='word_1_199' title='bbox 1354 2235 1476 2292; x_wconf 88' lang='lat'><strong>175</strong></span> <span class='ocrx_word' id='word_1_200' title='bbox 1508 2232 1582 2292; x_wconf 94' lang='lat' dir='ltr'><strong>H.</strong></span> <span class='ocrx_word' id='word_1_201' title='bbox 1631 2235 1693 2291; x_wconf 89' lang='lat' dir='ltr'><strong>et</strong></span> <span class='ocrx_word' id='word_1_202' title='bbox 1736 2236 1948 2292; x_wconf 87' lang='lat' dir='ltr'><strong>auctor</strong></span> <span class='ocrx_word' id='word_1_203' title='bbox 1992 2234 2258 2310; x_wconf 82' lang='lat' dir='ltr'><strong>orthogr.</strong></span> <span class='ocrx_word' id='word_1_204' title='bbox 2293 2234 2760 2305; x_wconf 77' lang='lat' dir='ltr'><strong>Bern.,alterius</strong></span> 
     </span>
     <span class='ocr_line' id='line_1_24' title="bbox 410 2320 2759 2400; baseline 0 -19"><span class='ocrx_word' id='word_1_205' title='bbox 410 2344 467 2400; x_wconf 92' lang='lat' dir='ltr'><strong>p.</strong></span> <span class='ocrx_word' id='word_1_206' title='bbox 517 2325 641 2383; x_wconf 84' lang='lat'><strong>296</strong></span> <span class='ocrx_word' id='word_1_207' title='bbox 691 2322 847 2399; x_wconf 85' lang='lat' dir='ltr'><strong>Hag.</strong></span> <span class='ocrx_word' id='word_1_208' title='bbox 892 2324 1130 2399; x_wconf 85' lang='lat' dir='ltr'><strong>repetit.</strong></span> <span class='ocrx_word' id='word_1_209' title='bbox 1203 2321 1341 2381; x_wconf 86' lang='lat' dir='ltr'><strong>Non</strong></span> <span class='ocrx_word' id='word_1_210' title='bbox 1382 2322 1608 2381; x_wconf 89' lang='lat' dir='ltr'><strong>rectius</strong></span> <span class='ocrx_word' id='word_1_211' title='bbox 1656 2320 1998 2382; x_wconf 83' lang='lat' dir='ltr'><strong>Priscianus</strong></span> <span class='ocrx_word' id='word_1_212' title='bbox 2047 2323 2119 2382; x_wconf 87' lang='lat' dir='ltr'><strong>de</strong></span> <span class='ocrx_word' id='word_1_213' title='bbox 2164 2323 2337 2384; x_wconf 66' lang='lat' dir='ltr'><strong>hwms</strong></span> <span class='ocrx_word' id='word_1_214' title='bbox 2381 2325 2537 2382; x_wconf 77' lang='lat' dir='ltr'><strong>modi</strong></span> <span class='ocrx_word' id='word_1_215' title='bbox 2581 2324 2759 2399; x_wconf 87' lang='lat' dir='ltr'><strong>quale</strong></span> 
     </span>
     <span class='ocr_line' id='line_1_25' title="bbox 413 2406 2758 2490; baseline 0 -18"><span class='ocrx_word' id='word_1_216' title='bbox 413 2412 571 2488; x_wconf 90' lang='lat' dir='ltr'><strong>apud</strong></span> <span class='ocrx_word' id='word_1_217' title='bbox 618 2412 967 2472; x_wconf 79' lang='lat' dir='ltr'><strong>Terentium</strong></span> <span class='ocrx_word' id='word_1_218' title='bbox 1012 2411 1345 2470; x_wconf 83' lang='lat' dir='ltr'><strong>invenimus</strong></span> <span class='ocrx_word' id='word_1_219' title='bbox 1391 2410 1635 2469; x_wconf 85' lang='lat' dir='ltr'><strong>iudicat:</strong></span> <span class='ocrx_word' id='word_1_220' title='bbox 1681 2411 1837 2469; x_wconf 77' lang='lat' dir='ltr'><strong>modi</strong></span> <span class='ocrx_word' id='word_1_221' title='bbox 1883 2411 2042 2470; x_wconf 88' lang='lat' dir='ltr'><strong>enim</strong></span> <span class='ocrx_word' id='word_1_222' title='bbox 2079 2406 2346 2490; x_wconf 84' lang='lat' dir='ltr'><strong>(Phorm.</strong></span> <span class='ocrx_word' id='word_1_223' title='bbox 2389 2414 2535 2473; x_wconf 85' lang='grc'><strong>529.</strong></span> <span class='ocrx_word' id='word_1_224' title='bbox 2571 2412 2758 2472; x_wconf 84' lang='lat' dir='ltr'><strong>Haut.</strong></span> 
     </span>
     <span class='ocr_line' id='line_1_26' title="bbox 414 2492 2760 2582; baseline -0.002 -19"><span class='ocrx_word' id='word_1_225' title='bbox 414 2492 572 2582; x_wconf 88' lang='grc'>812)</span> <span class='ocrx_word' id='word_1_226' title='bbox 628 2501 1007 2577; x_wconf 86' lang='lat' dir='ltr'><strong>pyrrhichius</strong></span> <span class='ocrx_word' id='word_1_227' title='bbox 1064 2518 1197 2559; x_wconf 88' lang='lat' dir='ltr'><strong>esse</strong></span> <span class='ocrx_word' id='word_1_228' title='bbox 1249 2517 1368 2558; x_wconf 91' lang='lat' dir='ltr'><strong>non</strong></span> <span class='ocrx_word' id='word_1_229' title='bbox 1427 2500 1655 2575; x_wconf 86' lang='lat' dir='ltr'><strong>potuit,</strong></span> <span class='ocrx_word' id='word_1_230' title='bbox 1711 2499 1834 2558; x_wconf 87' lang='lat' dir='ltr'><strong>nisi</strong></span> <span class='ocrx_word' id='word_1_231' title='bbox 1877 2501 1973 2559; x_wconf 91' lang='lat' dir='ltr'><strong>sui</strong></span> <span class='ocrx_word' id='word_1_232' title='bbox 2016 2500 2166 2559; x_wconf 89' lang='lat' dir='ltr'><strong>iuris</strong></span> <span class='ocrx_word' id='word_1_233' title='bbox 2211 2505 2343 2560; x_wconf 86' lang='lat' dir='ltr'><strong>erat</strong></span> <span class='ocrx_word' id='word_1_234' title='bbox 2387 2504 2450 2560; x_wconf 90' lang='lat' dir='ltr'><strong>et</strong></span> <span class='ocrx_word' id='word_1_235' title='bbox 2492 2501 2760 2560; x_wconf 87' lang='lat' dir='ltr'><strong>iambum</strong></span> 
     </span>
     <span class='ocr_line' id='line_1_27' title="bbox 413 2587 2759 2666; baseline 0 -17"><span class='ocrx_word' id='word_1_236' title='bbox 413 2590 728 2665; x_wconf 84' lang='lat' dir='ltr'><strong>aequabat.</strong></span> <span class='ocrx_word' id='word_1_237' title='bbox 820 2588 1164 2649; x_wconf 89' lang='lat' dir='ltr'><strong>Priscianus</strong></span> <span class='ocrx_word' id='word_1_238' title='bbox 1211 2587 1401 2664; x_wconf 86' lang='lat' dir='ltr'><strong>igitur</strong></span> <span class='ocrx_word' id='word_1_239' title='bbox 1449 2588 1523 2647; x_wconf 88' lang='lat' dir='ltr'><strong>de</strong></span> <span class='ocrx_word' id='word_1_240' title='bbox 1568 2606 1684 2647; x_wconf 87' lang='lat' dir='ltr'><strong>usu</strong></span> <span class='ocrx_word' id='word_1_241' title='bbox 1733 2607 1877 2647; x_wconf 88' lang='lat' dir='ltr'><strong>suae</strong></span> <span class='ocrx_word' id='word_1_242' title='bbox 1921 2589 2141 2649; x_wconf 88' lang='lat' dir='ltr'><strong>aetatis</strong></span> <span class='ocrx_word' id='word_1_243' title='bbox 2177 2590 2344 2666; x_wconf 86' lang='lat' dir='ltr'><strong>loqui</strong></span> <span class='ocrx_word' id='word_1_244' title='bbox 2377 2590 2632 2650; x_wconf 85' lang='lat' dir='ltr'><strong>videtur.</strong></span> <span class='ocrx_word' id='word_1_245' title='bbox 2670 2621 2759 2631; x_wconf 91' lang='lat'><em>—</em></span> 
     </span>
     <span class='ocr_line' id='line_1_28' title="bbox 411 2676 2756 2753; baseline 0 -15"><span class='ocrx_word' id='word_1_246' title='bbox 411 2678 496 2737; x_wconf 89' lang='lat' dir='ltr'><strong>Ut</strong></span> <span class='ocrx_word' id='word_1_247' title='bbox 543 2679 831 2752; x_wconf 67' lang='lat' dir='ltr'><strong>quov&#39;smoch‘</strong></span> <span class='ocrx_word' id='word_1_248' title='bbox 876 2678 960 2737; x_wconf 91' lang='lat' dir='ltr'><strong>sic</strong></span> <span class='ocrx_word' id='word_1_249' title='bbox 1009 2678 1191 2737; x_wconf 89' lang='lat' dir='ltr'><strong>etiam</strong></span> <span class='ocrx_word' id='word_1_250' title='bbox 1242 2677 1481 2737; x_wconf 86' lang='lat' dir='ltr'><strong>brevior</strong></span> <span class='ocrx_word' id='word_1_251' title='bbox 1526 2676 1792 2753; x_wconf 86' lang='lat' dir='ltr'><strong>genetivi</strong></span> <span class='ocrx_word' id='word_1_252' title='bbox 1846 2678 2039 2736; x_wconf 88' lang='lat' dir='ltr'><strong>forma</strong></span> <span class='ocrx_word' id='word_1_253' title='bbox 2090 2679 2156 2736; x_wconf 89' lang='lat' dir='ltr'><strong>in</strong></span> <span class='ocrx_word' id='word_1_254' title='bbox 2200 2681 2574 2753; x_wconf 78' lang='lat' dir='ltr'><strong>quoivismodi</strong></span> <span class='ocrx_word' id='word_1_255' title='bbox 2620 2680 2756 2738; x_wconf 89' lang='lat' dir='ltr'><strong>scri·</strong></span> 
     </span>
     <span class='ocr_line' id='line_1_29' title="bbox 412 2764 2695 2842; baseline 0 -16"><span class='ocrx_word' id='word_1_256' title='bbox 412 2768 609 2827; x_wconf 83' lang='lat' dir='ltr'><strong>benda</strong></span> <span class='ocrx_word' id='word_1_257' title='bbox 654 2772 765 2828; x_wconf 91' lang='lat' dir='ltr'><strong>est.</strong></span> <span class='ocrx_word' id='word_1_258' title='bbox 854 2767 1290 2842; x_wconf 75' lang='lat' dir='ltr'><strong>Quoiquoimodi</strong></span> <span class='ocrx_word' id='word_1_259' title='bbox 1333 2784 1477 2825; x_wconf 87' lang='lat' dir='ltr'><strong>num</strong></span> <span class='ocrx_word' id='word_1_260' title='bbox 1524 2765 1684 2841; x_wconf 88' lang='lat' dir='ltr'><strong>apud</strong></span> <span class='ocrx_word' id='word_1_261' title='bbox 1729 2764 2017 2827; x_wconf 85' lang='lat' dir='ltr'><strong>Plautum</strong></span> <span class='ocrx_word' id='word_1_262' title='bbox 2062 2770 2242 2842; x_wconf 84' lang='lat' dir='ltr'><strong>extet,</strong></span> <span class='ocrx_word' id='word_1_263' title='bbox 2287 2768 2537 2827; x_wconf 90' lang='lat' dir='ltr'><strong>dubium</strong></span> <span class='ocrx_word' id='word_1_264' title='bbox 2584 2770 2695 2827; x_wconf 88' lang='lat' dir='ltr'><strong>est.</strong></span> 
     </span>
    </p>
   </div>
   <div class='ocr_carea' id='block_1_5' title="bbox 1349 2958 1826 2967">
    <p class='ocr_par' dir='ltr' id='par_1_6' title="bbox 1349 2958 1826 2967">
     <span class='ocr_line' id='line_1_30' title="bbox 1349 2958 1826 2967; baseline 0 1800"><span class='ocrx_word' id='word_1_265' title='bbox 1349 2958 1826 2967; x_wconf 95' lang='lat' dir='ltr'><strong> </strong></span> 
     </span>
    </p>
   </div>
   <div class='ocr_carea' id='block_1_6' title="bbox 611 3106 2562 3280">
    <p class='ocr_par' dir='ltr' id='par_1_7' title="bbox 611 3106 2562 3280">
     <span class='ocr_line' id='line_1_31' title="bbox 611 3106 2562 3193; baseline 0 -18"><span class='ocrx_word' id='word_1_266' title='bbox 611 3114 716 3176; x_wconf 93' lang='lat' dir='ltr'><strong>IV.</strong></span> <span class='ocrx_word' id='word_1_267' title='bbox 788 3112 890 3175; x_wconf 89' lang='lat' dir='ltr'><strong>De</strong></span> <span class='ocrx_word' id='word_1_268' title='bbox 934 3113 1302 3193; x_wconf 87' lang='lat' dir='ltr'><strong>genetivis</strong></span> <span class='ocrx_word' id='word_1_269' title='bbox 1350 3106 1572 3173; x_wconf 74' lang='lat' dir='ltr'><strong>‘eius&#39;</strong></span> <span class='ocrx_word' id='word_1_270' title='bbox 1620 3117 1686 3174; x_wconf 85' lang='lat' dir='ltr'><strong>et</strong></span> <span class='ocrx_word' id='word_1_271' title='bbox 1736 3107 2019 3173; x_wconf 73' lang='lat' dir='ltr'><strong>‘huius&#39;</strong></span> <span class='ocrx_word' id='word_1_272' title='bbox 2065 3115 2562 3192; x_wconf 84' lang='lat' dir='ltr'><strong>pyrrhichium</strong></span> 
     </span>
     <span class='ocr_line' id='line_1_32' title="bbox 1328 3202 1834 3280; baseline 0.004 -18"><span class='ocrx_word' id='word_1_273' title='bbox 1328 3202 1834 3280; x_wconf 65' lang='lat' dir='ltr'><strong>aequantibus„</strong></span> 
     </span>
    </p>
   </div>
   <div class='ocr_carea' id='block_1_7' title="bbox 416 3345 2761 3874">
    <p class='ocr_par' dir='ltr' id='par_1_8' title="bbox 416 3345 2761 3874">
     <span class='ocr_line' id='line_1_33' title="bbox 592 3345 2761 3425; baseline 0.002 -20"><span class='ocrx_word' id='word_1_274' title='bbox 592 3346 683 3406; x_wconf 90' lang='lat' dir='ltr'><strong>De</strong></span> <span class='ocrx_word' id='word_1_275' title='bbox 726 3348 1023 3425; x_wconf 66' lang='lat' dir='ltr'><strong>genetiuis</strong></span> <span class='ocrx_word' id='word_1_276' title='bbox 1072 3349 1195 3408; x_wconf 76' lang='lat' dir='ltr'><strong>eius</strong></span> <span class='ocrx_word' id='word_1_277' title='bbox 1240 3348 1303 3406; x_wconf 90' lang='lat' dir='ltr'><strong>et</strong></span> <span class='ocrx_word' id='word_1_278' title='bbox 1346 3347 1519 3406; x_wconf 75' lang='lat' dir='ltr'><strong>huius</strong></span> <span class='ocrx_word' id='word_1_279' title='bbox 1565 3346 1972 3423; x_wconf 83' lang='lat' dir='ltr'><strong>pyrrhichiam</strong></span> <span class='ocrx_word' id='word_1_280' title='bbox 2020 3365 2361 3408; x_wconf 86' lang='lat' dir='ltr'><strong>mensuram</strong></span> <span class='ocrx_word' id='word_1_281' title='bbox 2399 3345 2761 3410; x_wconf 86' lang='lat' dir='ltr'><strong>habentibus</strong></span> 
     </span>
     <span class='ocr_line' id='line_1_34' title="bbox 416 3432 2761 3513; baseline 0.001 -18"><span class='ocrx_word' id='word_1_282' title='bbox 416 3464 500 3478; x_wconf 88' lang='lat'><strong>—-</strong></span> <span class='ocrx_word' id='word_1_283' title='bbox 547 3447 689 3495; x_wconf 85' lang='lat' dir='ltr'><strong>nam</strong></span> <span class='ocrx_word' id='word_1_284' title='bbox 743 3432 948 3511; x_wconf 53' lang='lat' dir='ltr'><strong>quoivis</strong></span> <span class='ocrx_word' id='word_1_285' title='bbox 998 3454 1295 3513; x_wconf 87' lang='lat' dir='ltr'><strong>nusquam</strong></span> <span class='ocrx_word' id='word_1_286' title='bbox 1348 3435 1509 3510; x_wconf 86' lang='lat' dir='ltr'><strong>apud</strong></span> <span class='ocrx_word' id='word_1_287' title='bbox 1563 3437 1797 3495; x_wconf 88' lang='lat' dir='ltr'><strong>veteres</strong></span> <span class='ocrx_word' id='word_1_288' title='bbox 1842 3439 2051 3511; x_wconf 88' lang='lat' dir='ltr'><strong>poetas</strong></span> <span class='ocrx_word' id='word_1_289' title='bbox 2098 3439 2263 3496; x_wconf 81' lang='lat' dir='ltr'><strong>extat</strong></span> <span class='ocrx_word' id='word_1_290' title='bbox 2307 3468 2392 3478; x_wconf 80' lang='lat'><strong>—-</strong></span> <span class='ocrx_word' id='word_1_291' title='bbox 2440 3437 2558 3497; x_wconf 87' lang='lat' dir='ltr'><strong>viri</strong></span> <span class='ocrx_word' id='word_1_292' title='bbox 2603 3439 2761 3498; x_wconf 87' lang='lat' dir='ltr'><strong>docti</strong></span> 
     </span>
     <span class='ocr_line' id='line_1_35' title="bbox 416 3523 2760 3603; baseline 0.001 -20"><span class='ocrx_word' id='word_1_293' title='bbox 416 3526 576 3584; x_wconf 89' lang='lat' dir='ltr'><strong>inter</strong></span> <span class='ocrx_word' id='word_1_294' title='bbox 621 3544 685 3584; x_wconf 91' lang='lat' dir='ltr'><strong>se</strong></span> <span class='ocrx_word' id='word_1_295' title='bbox 730 3545 850 3585; x_wconf 89' lang='lat' dir='ltr'><strong>non</strong></span> <span class='ocrx_word' id='word_1_296' title='bbox 894 3527 1245 3602; x_wconf 86' lang='lat' dir='ltr'><strong>congruunt.</strong></span> <span class='ocrx_word' id='word_1_297' title='bbox 1322 3523 1479 3582; x_wconf 88' lang='lat' dir='ltr'><strong>Nam</strong></span> <span class='ocrx_word' id='word_1_298' title='bbox 1526 3542 1660 3583; x_wconf 92' lang='lat' dir='ltr'><strong>cum</strong></span> <span class='ocrx_word' id='word_1_299' title='bbox 1704 3525 1828 3584; x_wconf 89' lang='lat' dir='ltr'><strong>iam</strong></span> <span class='ocrx_word' id='word_1_300' title='bbox 1873 3527 2110 3585; x_wconf 86' lang='lat' dir='ltr'><strong>tantum</strong></span> <span class='ocrx_word' id='word_1_301' title='bbox 2145 3525 2415 3603; x_wconf 86' lang='lat' dir='ltr'><strong>afuisset,</strong></span> <span class='ocrx_word' id='word_1_302' title='bbox 2460 3529 2531 3586; x_wconf 93' lang='lat' dir='ltr'><strong>ut</strong></span> <span class='ocrx_word' id='word_1_303' title='bbox 2577 3528 2760 3587; x_wconf 87' lang='lat' dir='ltr'><strong>Bent-</strong></span> 
     </span>
     <span class='ocr_line' id='line_1_36' title="bbox 416 3612 2760 3689; baseline 0 -16"><span class='ocrx_word' id='word_1_304' title='bbox 416 3615 568 3673; x_wconf 90' lang='lat' dir='ltr'><strong>leius</strong></span> <span class='ocrx_word' id='word_1_305' title='bbox 631 3632 761 3673; x_wconf 87' lang='lat' dir='ltr'><strong>eam</strong></span> <span class='ocrx_word' id='word_1_306' title='bbox 819 3634 1160 3674; x_wconf 90' lang='lat' dir='ltr'><strong>mensuram</strong></span> <span class='ocrx_word' id='word_1_307' title='bbox 1213 3612 1607 3689; x_wconf 86' lang='lat' dir='ltr'><strong>improbaret,</strong></span> <span class='ocrx_word' id='word_1_308' title='bbox 1667 3617 1738 3673; x_wconf 90' lang='lat' dir='ltr'><strong>ut</strong></span> <span class='ocrx_word' id='word_1_309' title='bbox 1793 3633 1913 3674; x_wconf 91' lang='lat' dir='ltr'><strong>non</strong></span> <span class='ocrx_word' id='word_1_310' title='bbox 1968 3615 2161 3674; x_wconf 89' lang='lat' dir='ltr'><strong>solum</strong></span> <span class='ocrx_word' id='word_1_311' title='bbox 2205 3615 2270 3673; x_wconf 89' lang='lat' dir='ltr'><strong>in</strong></span> <span class='ocrx_word' id='word_1_312' title='bbox 2321 3615 2494 3678; x_wconf 77' lang='lat' dir='ltr'><strong>initio</strong></span> <span class='ocrx_word' id='word_1_313' title='bbox 2536 3617 2760 3678; x_wconf 80' lang='lat' dir='ltr'><strong>senarii</strong></span> 
     </span>
     <span class='ocr_line' id='line_1_37' title="bbox 416 3697 2760 3783; baseline 0.002 -23"><span class='ocrx_word' id='word_1_314' title='bbox 416 3703 654 3763; x_wconf 90' lang='lat' dir='ltr'><strong>Phorm.</strong></span> <span class='ocrx_word' id='word_1_315' title='bbox 689 3702 720 3761; x_wconf 97' lang='lat' dir='ltr'>I</span> <span class='ocrx_word' id='word_1_316' title='bbox 760 3705 818 3770; x_wconf 82' lang='grc'><strong>2,</strong></span> <span class='ocrx_word' id='word_1_317' title='bbox 859 3705 939 3764; x_wconf 87' lang='grc'><strong>63</strong></span> <span class='ocrx_word' id='word_1_318' title='bbox 982 3697 1168 3783; x_wconf 87' lang='grc'>(113)</span> <span class='ocrx_word' id='word_1_319' title='bbox 1216 3709 1283 3763; x_wconf 76' lang='lat' dir='ltr'><strong>ut</strong></span> <span class='ocrx_word' id='word_1_320' title='bbox 1315 3704 1432 3762; x_wconf 76' lang='lat' dir='ltr'><strong>sibi</strong></span> <span class='ocrx_word' id='word_1_321' title='bbox 1469 3705 1592 3764; x_wconf 77' lang='lat' dir='ltr'><strong>eius</strong></span> <span class='ocrx_word' id='word_1_322' title='bbox 1625 3703 1811 3776; x_wconf 76' lang='lat' dir='ltr'><strong>fdciat</strong></span> <span class='ocrx_word' id='word_1_323' title='bbox 1842 3703 2028 3764; x_wconf 86' lang='lat' dir='ltr'><strong>verba</strong></span> <span class='ocrx_word' id='word_1_324' title='bbox 2060 3707 2173 3764; x_wconf 76' lang='lat' dir='ltr'><strong>sibi</strong></span> <span class='ocrx_word' id='word_1_325' title='bbox 2208 3706 2330 3765; x_wconf 76' lang='lat' dir='ltr'><strong>cius</strong></span> <span class='ocrx_word' id='word_1_326' title='bbox 2365 3709 2760 3781; x_wconf 85' lang='lat' dir='ltr'><strong>anapaestum</strong></span> 
     </span>
     <span class='ocr_line' id='line_1_38' title="bbox 416 3785 2622 3874; baseline 0.001 -23"><span class='ocrx_word' id='word_1_327' title='bbox 416 3811 548 3852; x_wconf 88' lang='lat' dir='ltr'><strong>esse</strong></span> <span class='ocrx_word' id='word_1_328' title='bbox 592 3796 960 3869; x_wconf 85' lang='lat' dir='ltr'><strong>agnosceret,</strong></span> <span class='ocrx_word' id='word_1_329' title='bbox 1007 3793 1112 3852; x_wconf 88' lang='lat' dir='ltr'><strong>sed</strong></span> <span class='ocrx_word' id='word_1_330' title='bbox 1157 3793 1341 3852; x_wconf 87' lang='lat' dir='ltr'><strong>etiam</strong></span> <span class='ocrx_word' id='word_1_331' title='bbox 1383 3792 1546 3852; x_wconf 89' lang='lat' dir='ltr'><strong>ultro</strong></span> <span class='ocrx_word' id='word_1_332' title='bbox 1591 3792 1759 3850; x_wconf 77' lang='lat' dir='ltr'><strong>illam</strong></span> <span class='ocrx_word' id='word_1_333' title='bbox 1803 3792 1915 3851; x_wconf 90' lang='lat' dir='ltr'><strong>Ad.</strong></span> <span class='ocrx_word' id='word_1_334' title='bbox 1961 3792 1992 3851; x_wconf 97' lang='lat' dir='ltr'>I</span> <span class='ocrx_word' id='word_1_335' title='bbox 2038 3795 2095 3867; x_wconf 84' lang='lat'><strong>2,</strong></span> <span class='ocrx_word' id='word_1_336' title='bbox 2145 3795 2225 3853; x_wconf 84' lang='lat'><strong>66</strong></span> <span class='ocrx_word' id='word_1_337' title='bbox 2274 3785 2389 3874; x_wconf 64' lang='grc' dir='ltr'><strong>(π</strong></span> <span class='ocrx_word' id='word_1_338' title='bbox 2441 3785 2622 3873; x_wconf 81' lang='lat'><strong>146):</strong></span> 
     </span>
    </p>
   </div>
   <div class='ocr_carea' id='block_1_8' title="bbox 2981 626 2989 1302">
    <p class='ocr_par' dir='ltr' id='par_1_9' title="bbox 2981 626 2989 1302">
     <span class='ocr_line' id='line_1_39' title="bbox 2981 626 2989 1302; baseline 0 0"><span class='ocrx_word' id='word_1_339' title='bbox 2981 626 2989 1302; x_wconf 95' lang='lat' dir='ltr'><strong> </strong></span> 
     </span>
    </p>
   </div>
   <div class='ocr_carea' id='block_1_9' title="bbox 733 3872 2880 3961">
    <p class='ocr_par' dir='ltr' id='par_1_10' title="bbox 733 3872 2880 3961">
     <span class='ocr_line' id='line_1_40' title="bbox 733 3872 2880 3961; baseline 0.002 -21"><span class='ocrx_word' id='word_1_340' title='bbox 733 3882 862 3940; x_wconf 90' lang='lat' dir='ltr'><strong>Aut</strong></span> <span class='ocrx_word' id='word_1_341' title='bbox 918 3882 1098 3940; x_wconf 72' lang='lat' dir='ltr'><strong>etiam</strong></span> <span class='ocrx_word' id='word_1_342' title='bbox 1144 3882 1381 3940; x_wconf 88' lang='lat' dir='ltr'><strong>adiutor</strong></span> <span class='ocrx_word' id='word_1_343' title='bbox 1424 3882 1538 3941; x_wconf 74' lang='lat' dir='ltr'><strong>sim</strong></span> <span class='ocrx_word' id='word_1_344' title='bbox 1582 3872 1694 3961; x_wconf 88' lang='lat' dir='ltr'><strong>(sic</strong></span> <span class='ocrx_word' id='word_1_345' title='bbox 1739 3883 2015 3940; x_wconf 85' lang='lat' dir='ltr'><strong>notatum</strong></span> <span class='ocrx_word' id='word_1_346' title='bbox 2062 3873 2183 3961; x_wconf 89' lang='lat' dir='ltr'><strong>est)</strong></span> <span class='ocrx_word' id='word_1_347' title='bbox 2231 3884 2355 3942; x_wconf 69' lang='lat' dir='ltr'><strong>eius</strong></span> <span class='ocrx_word' id='word_1_348' title='bbox 2395 3882 2754 3946; x_wconf 76' lang='lat' dir='ltr'><strong>iracundiae.</strong></span> <span class='ocrx_word' id='word_1_349' title='bbox 2871 3913 2880 3924; x_wconf 88' lang='lat'><strong>·</strong></span> 
     </span>
    </p>
   </div>
   <div class='ocr_carea' id='block_1_10' title="bbox 417 3963 2755 4226">
    <p class='ocr_par' dir='ltr' id='par_1_11' title="bbox 417 3963 2755 4226">
     <span class='ocr_line' id='line_1_41' title="bbox 420 3963 1427 4050; baseline -0.001 -21"><span class='ocrx_word' id='word_1_350' title='bbox 420 3973 481 4029; x_wconf 91' lang='lat' dir='ltr'><strong>et</strong></span> <span class='ocrx_word' id='word_1_351' title='bbox 524 3969 763 4031; x_wconf 90' lang='lat' dir='ltr'><strong>Phorm.</strong></span> <span class='ocrx_word' id='word_1_352' title='bbox 808 3969 839 4027; x_wconf 93' lang='lat' dir='ltr'>I</span> <span class='ocrx_word' id='word_1_353' title='bbox 885 3973 943 4043; x_wconf 84' lang='lat'><strong>2,</strong></span> <span class='ocrx_word' id='word_1_354' title='bbox 993 3972 1074 4029; x_wconf 87' lang='grc'><strong>14</strong></span> <span class='ocrx_word' id='word_1_355' title='bbox 1123 3963 1236 4050; x_wconf 82' lang='lat'><strong>(==</strong></span> <span class='ocrx_word' id='word_1_356' title='bbox 1287 3963 1427 4049; x_wconf 83' lang='lat'>64):</span> 
     </span>
     <span class='ocr_line' id='line_1_42' title="bbox 732 4057 2595 4136; baseline 0.002 -18"><span class='ocrx_word' id='word_1_357' title='bbox 732 4058 1027 4121; x_wconf 75' lang='lat' dir='ltr'><strong>Nostine?</strong></span> <span class='ocrx_word' id='word_1_358' title='bbox 1057 4082 1072 4117; x_wconf 76' lang='grc' dir='ltr'>ε</span> <span class='ocrx_word' id='word_1_359' title='bbox 1103 4081 1116 4118; x_wconf 90' lang='lat'>:</span> <span class='ocrx_word' id='word_1_360' title='bbox 1148 4057 1406 4129; x_wconf 75' lang='lat' dir='ltr'><strong>Quidni?</strong></span> <span class='ocrx_word' id='word_1_361' title='bbox 1434 4081 1452 4117; x_wconf 74' lang='lat' dir='ltr'><strong>t</strong></span> <span class='ocrx_word' id='word_1_362' title='bbox 1483 4080 1497 4117; x_wconf 74' lang='grc' dir='ltr'>ε</span> <span class='ocrx_word' id='word_1_363' title='bbox 1529 4057 1712 4134; x_wconf 78' lang='lat' dir='ltr'><strong>quid?</strong></span> <span class='ocrx_word' id='word_1_364' title='bbox 1759 4062 1882 4119; x_wconf 79' lang='lat' dir='ltr'><strong>cius</strong></span> <span class='ocrx_word' id='word_1_365' title='bbox 1926 4063 2177 4136; x_wconf 86' lang='lat' dir='ltr'><strong>gnatum</strong></span> <span class='ocrx_word' id='word_1_366' title='bbox 2221 4059 2595 4122; x_wconf 87' lang='lat' dir='ltr'><strong>Phaedriam.</strong></span> 
     </span>
     <span class='ocr_line' id='line_1_43' title="bbox 417 4146 2755 4226; baseline 0.002 -22"><span class='ocrx_word' id='word_1_367' title='bbox 417 4146 751 4221; x_wconf 88' lang='lat' dir='ltr'><strong>induceret,</strong></span> <span class='ocrx_word' id='word_1_368' title='bbox 810 4148 1050 4209; x_wconf 85' lang='lat' dir='ltr'><strong>Brixius</strong></span> <span class='ocrx_word' id='word_1_369' title='bbox 1115 4150 1302 4223; x_wconf 89' lang='lat' dir='ltr'><strong>praef.</strong></span> <span class='ocrx_word' id='word_1_370' title='bbox 1362 4148 1439 4205; x_wconf 86' lang='lat' dir='ltr'><strong>ad</strong></span> <span class='ocrx_word' id='word_1_371' title='bbox 1500 4147 1661 4206; x_wconf 87' lang='lat' dir='ltr'><strong>Trin.</strong></span> <span class='ocrx_word' id='word_1_372' title='bbox 1720 4168 1777 4223; x_wconf 90' lang='lat' dir='ltr'><strong>p.</strong></span> <span class='ocrx_word' id='word_1_373' title='bbox 1843 4150 1949 4226; x_wconf 83' lang='lat'><strong>15,</strong></span> <span class='ocrx_word' id='word_1_374' title='bbox 2008 4148 2430 4209; x_wconf 84' lang='lat' dir='ltr'><strong>Fleckeisenus</strong></span> <span class='ocrx_word' id='word_1_375' title='bbox 2500 4150 2563 4208; x_wconf 87' lang='lat' dir='ltr'><strong>in</strong></span> <span class='ocrx_word' id='word_1_376' title='bbox 2620 4167 2755 4210; x_wconf 88' lang='lat' dir='ltr'><strong>con·</strong></span> 
     </span>
    </p>
   </div>
   <div class='ocr_carea' id='block_1_11' title="bbox 421 4285 843 4294">
    <p class='ocr_par' dir='ltr' id='par_1_12' title="bbox 421 4285 843 4294">
     <span class='ocr_line' id='line_1_44' title="bbox 421 4285 843 4294; baseline 0 473"><span class='ocrx_word' id='word_1_377' title='bbox 421 4285 843 4294; x_wconf 95' lang='lat' dir='ltr'><strong> </strong></span> 
     </span>
    </p>
   </div>
   <div class='ocr_carea' id='block_1_12' title="bbox 424 4368 2752 4510">
    <p class='ocr_par' dir='ltr' id='par_1_13' title="bbox 424 4368 2752 4510">
     <span class='ocr_line' id='line_1_45' title="bbox 561 4368 2752 4439; baseline 0.002 -17"><span class='ocrx_word' id='word_1_378' title='bbox 561 4373 615 4435; x_wconf 92' lang='lat'><strong>1)</strong></span> <span class='ocrx_word' id='word_1_379' title='bbox 651 4369 736 4423; x_wconf 89' lang='lat' dir='ltr'><strong>Ne</strong></span> <span class='ocrx_word' id='word_1_380' title='bbox 783 4370 853 4424; x_wconf 88' lang='lat' dir='ltr'><strong>de</strong></span> <span class='ocrx_word' id='word_1_381' title='bbox 897 4372 1060 4427; x_wconf 78' lang='lat' dir='ltr'><strong>istius</strong></span> <span class='ocrx_word' id='word_1_382' title='bbox 1094 4372 1242 4425; x_wconf 82' lang='lat' dir='ltr'><strong>modi</strong></span> <span class='ocrx_word' id='word_1_383' title='bbox 1286 4368 1512 4439; x_wconf 80' lang='lat' dir='ltr'><strong>quidem</strong></span> <span class='ocrx_word' id='word_1_384' title='bbox 1551 4368 1865 4425; x_wconf 86' lang='lat' dir='ltr'><strong>Priscianus</strong></span> <span class='ocrx_word' id='word_1_385' title='bbox 1912 4389 2099 4428; x_wconf 87' lang='lat' dir='ltr'><strong>verum</strong></span> <span class='ocrx_word' id='word_1_386' title='bbox 2138 4372 2327 4429; x_wconf 86' lang='lat' dir='ltr'><strong>docet:</strong></span> <span class='ocrx_word' id='word_1_387' title='bbox 2378 4389 2429 4429; x_wconf 88' lang='lat' dir='ltr'><strong>v.</strong></span> <span class='ocrx_word' id='word_1_388' title='bbox 2481 4371 2752 4427; x_wconf 84' lang='lat' dir='ltr'><strong>Ritschel.</strong></span> 
     </span>
     <span class='ocr_line' id='line_1_46' title="bbox 424 4440 1835 4510; baseline 0.003 -15"><span class='ocrx_word' id='word_1_389' title='bbox 424 4456 512 4509; x_wconf 87' lang='lat' dir='ltr'><strong>op.</strong></span> <span class='ocrx_word' id='word_1_390' title='bbox 550 4440 602 4493; x_wconf 90' lang='lat' dir='ltr'><strong>H</strong></span> <span class='ocrx_word' id='word_1_391' title='bbox 640 4447 739 4494; x_wconf 83' lang='grc'><strong>691</strong></span> <span class='ocrx_word' id='word_1_392' title='bbox 780 4442 854 4494; x_wconf 89' lang='lat' dir='ltr'><strong>ad</strong></span> <span class='ocrx_word' id='word_1_393' title='bbox 891 4442 1040 4496; x_wconf 89' lang='lat' dir='ltr'><strong>Trin.</strong></span> <span class='ocrx_word' id='word_1_394' title='bbox 1081 4448 1210 4509; x_wconf 78' lang='lat'><strong>5523</strong></span> <span class='ocrx_word' id='word_1_395' title='bbox 1248 4441 1343 4495; x_wconf 87' lang='lat' dir='ltr'><strong>cfr.</strong></span> <span class='ocrx_word' id='word_1_396' title='bbox 1383 4458 1553 4510; x_wconf 86' lang='lat' dir='ltr'><strong>supra</strong></span> <span class='ocrx_word' id='word_1_397' title='bbox 1588 4448 1654 4496; x_wconf 88' lang='grc'><strong>21</strong></span> <span class='ocrx_word' id='word_1_398' title='bbox 1693 4461 1749 4498; x_wconf 90' lang='grc'><strong>11.</strong></span> <span class='ocrx_word' id='word_1_399' title='bbox 1786 4450 1835 4499; x_wconf 91' lang='grc'><strong>8.</strong></span> 
     </span>
    </p>
   </div>
  </div>
 </body>
</html>
