3009 4767
1323 269 1406 279 ....
1499 232 1584 315 23
1677 205 1785 284 ς..

375 397 492 460 Sed
547 400 617 458 ut
673 418 746 458 ex
791 399 1066 459 omnibus
1086 398 1409 475 „genetivis
1454 399 1518 458 111
1562 389 1658 460 ius
1704 399 2113 460 desinentibus
2160 396 2404 461 alterius
2449 401 2632 461 etiam
2680 419 2719 460 a
2747 445 2767 463 .

375 488 600 548 Seneca
663 491 1022 564 usurpatum
1086 487 1420 548 diutissime
1487 489 1920 567 correptionem
1991 489 2327 550 retinuerat
2398 493 2461 549 et
2522 491 2718 567 ipsam

374 581 587 655 postea
630 576 808 637 nimis
855 596 1062 638 severe
1107 596 1470 654 oppressam,
1517 577 1604 638 ita
1641 598 1713 638 ea
1748 579 1943 638 forma
1975 578 2268 639 Prisciani
2301 581 2570 656 tempore
2605 579 2642 641 i.
2666 600 2716 641 e.

374 667 531 727 circa
576 686 798 726 annum
843 666 1388 744 quingentesimum
1432 689 1489 745 p.
1522 666 1658 730 Chr.
1687 690 1763 742 n.‚
1810 688 1945 728 cum
1981 669 2165 728 ceteri
2200 668 2467 746 genetivi
2512 688 2715 730 omnes

373 756 665 834 producta
706 756 1081 832 paenultima
1124 757 1680 833 pronuntiarentur,
1743 758 1941 817 locum
1998 771 2174 817 suum
2227 758 2348 817 iam
2407 777 2719 836 recupera-

373 849 561 908 verat.
632 844 974 908 Priscianus
1023 846 1181 905 enim
1225 845 1257 904 I
1303 848 1429 905 228
1465 847 1543 906 H.
1590 851 1642 917 et
1684 849 1995 923 sciendum,
2040 847 2252 925 inquit,
2298 848 2449 922 quod
2491 851 2555 906 in
2599 850 2718 908 ius

376 938 809 1002 terminantium
849 937 1143 1009 yenetivus
1175 937 1452 1009 producit
1482 938 1929 1011 paenultimam,
1974 939 2092 998 nisi
2124 939 2355 1011 poetica
2398 939 2717 1000 auctoritas

375 1043 505 1085 eam
557 1026 860 1098 corripiat,
908 1028 1130 1099 excepto
1182 1026 1368 1085 alter
1412 1026 1747 1093 alterius,
1803 1028 1955 1100 quod
1996 1028 2122 1085 ideo
2164 1029 2353 1101 magis
2397 1031 2719 1101 correptam

375 1115 577 1174 habwit
607 1114 1052 1188 paenultimam,
1099 1111 1250 1202 quod
1292 1115 1521 1175 duabus
1565 1116 1805 1192 syllabis
1840 1118 2017 1175 vincit
2045 1118 2356 1190 yenetivus.
2420 1116 2716 1175 Terentia-

373 1221 487 1263 nus
531 1207 723 1263 tamen
758 1205 1047 1263 invenitur
1081 1195 1255 1263 huius
1292 1185 1463 1263 etiam
1487 1206 1918 1278 paenultimam
1941 1206 2292 1279 produxisse
2328 1207 2393 1265 in
2427 1205 2713 1265 trochaico

375 1296 571 1361 metr0‚
616 1293 769 1366 quod
812 1295 895 1352 est
938 1310 1006 1352 ex
1049 1297 1260 1367 septem
1293 1291 1544 1367 pedibus
1589 1298 1641 1370 et
1682 1295 1937 1371 syllaba:

692 1380 964 1456 Seiscuplo
1007 1383 1099 1441 vel
1142 1383 1266 1441 una
1310 1384 1495 1448 vincet
1537 1365 1777 1443 alterius
1820 1384 2147 1459 singulum,

375 1467 568 1532 sextus
615 1473 767 1530 enim
799 1489 909 1545 pes
953 1472 1076 1531 vult
1120 1490 1159 1530 a
1205 1473 1376 1546 lonya
1422 1463 1687 1546 incipere.

551 1553 661 1619 Ea
699 1554 852 1636 quae
908 1560 982 1620 de
1035 1559 1205 1622 varia
1262 1580 1414 1638 quae
1469 1561 1656 1622 fuerit
1709 1578 1818 1638 per
1872 1565 2147 1638 tempora
2191 1562 2606 1642 genetivorum
2652 1564 2715 1623 in

376 1652 470 1709 ius
515 1648 914 1709 desinentium
960 1649 1053 1710 for
1056 1652 1202 1708 tuna
1249 1649 1525 1725 diximu8,
1571 1653 1953 1734 conspectum
1998 1652 2102 1753 qui
2136 1652 2295 1728 apud
2322 1651 2734 1712 R-itschelium'

376 1759 469 1813 op.
509 1738 572 1798 H
624 1759 682 1815 p.
728 1741 853 1798 696
911 1742 1006 1799 est
1058 1741 1361 1799 mutantes
1419 1743 1480 1799 et
1536 1759 1608 1799 ea
1661 1760 1814 1816 quae
1870 1740 2166 1817 reperisse
2221 1740 2391 1801 nobis
2441 1742 2716 1802 videmur
2761 1775 2770 1785 ·

377 1825 667 1888 addentes
716 1827 800 1887 sic
843 1828 1099 1889 fortasse
1147 1828 1425 1888 exhibere
1471 1829 1637 1889 licet:

1400 1980 1620 2035 Pariter
1654 1980 1714 2034 in
1750 1999 1854 2036 usu
2029 1979 2237 2036 'Rarius
2272 2000 2425 2036 usur-

376 2060 669 2135 Tempore
699 2060 900 2119 Plauti
927 2062 990 2120 et
1008 2060 1276 2119 Terentii
1339 2051 1625 2110 cotidiano
1661 2052 1911 2107 fuerunss·
2055 2054 2252 2141 passflm
2288 2056 2399 2109 68ῒὲ

464 2143 785 2228 (VIsaec.
842 2168 894 2208 a.
949 2150 1022 2211 U.
1078 2141 1156 2230 c.)
1218 2153 1953 2209 etf-——as-—q

464 2238 801 2316 insequenti
848 2239 1111 2299 saeculo:
1210 2285 1223 2299 .
1272 2285 1285 2297 .
1348 2246 1445 2299 ius
1710 2242 1734 2298 i
1779 2221 1923 2319 (ius)
2191 2236 2288 2299 ius

1310 2327 1428 2387 nisi
1464 2329 1624 2404 quod
1661 2328 1967 2389 breviores

1166 2431 1173 2436 '
1225 2418 1453 2477 formae
1491 2417 1758 2478 Terentii
1792 2420 2064 2496 tempore
2167 2431 2171 2440 '

1203 2508 1323 2566 iam
1350 2507 1757 2583 praevaluisse
1784 2507 2080 2568 videntur.

376 2594 676 2655 Ciceronis
713 2598 914 2656 aetate
952 2589 1142 2677 (exitu
1162 2596 1279 2655 VII

466 2686 529 2744 et
571 2685 742 2745 initio
789 2685 939 2750 VIII
984 2678 1259 2767 saeculi):
1338 2694 1435 2746 ius
1671 2682 1797 2774 ,ius
1841 2670 2066 2767 (iltius)
2180 2689 2215 2749 ‚i
2258 2679 2423 2769 (alii)

377 2773 730 2844 Quintiliani
792 2778 1060 2853 tempore
1123 2775 1162 2836 i.
1228 2793 1277 2836 6.

462 2865 655 2934 altero
680 2863 927 2924 dimidio
948 2864 1096 2924 VIII
1125 2883 1277 2923 saec.

383 3016 389 3020 ,
466 2956 527 3012 et
552 2953 722 3014 initio
749 2953 1118 3029 insequentis
1148 2972 1278 3012 sae-

466 3036 585 3101 culi
631 3061 684 3101 a.
731 3041 801 3102 U.
847 3062 895 3103 c.
927 3067 1010 3090 =
1047 3043 1079 3101 I
1125 3061 1277 3104 saec.

465 3151 524 3207 p.
588 3130 725 3208 0111.
788 3151 846 3190 11.
910 3123 1275 3213 (Phaedrus,

467 3219 704 3298 Seneca,
751 3214 1206 3303 Quintilianus):
1313 3232 1409 3282 ius
1451 3223 1580 3282 fere
1625 3224 1819 3284 solum
2181 3221 2281 3283 ius
2295 3222 2512 3283 solisin
2530 3242 2709 3300 gene·

1314 3312 1547 3373 dicitur.
1573 3383 1578 3392 ,
1861 3312 2001 3373 tivis
2038 3309 2341 3388 utriusque
2376 3315 2438 3372 et
2465 3309 2711 3372 alte'rius

1863 3421 2008 3461 usus
2027 3402 2361 3462 cotidianus
2389 3401 2710 3462 retinuisse

1862 3490 2128 3568 videtur3
2189 3491 2447 3552 aliorum
2497 3511 2571 3569 pr
2573 3509 2716 3574 ono-0

1861 3580 2088 3639 minum
2177 3578 2524 3657 genetivum
2612 3576 2711 3639 ius

1860 3672 2074 3746 poetae
2126 3671 2364 3730 tantum
2406 3669 2711 3748 interdum

1986 3750 2219 3839 (unius)
2265 3759 2576 3835 usurpant.

375 3845 555 3923 Apud
564 3847 988 3907 Terentianum
998 3848 1275 3909 Maurum
1871 3896 1876 3902 -

467 3928 844 4013 (exituHIp.
863 3935 1001 3997 chr.
1023 3958 1077 3995 n.
1092 3930 1295 4019 saec.):
1344 3942 1440 3997 ius
1484 3937 1658 3997 unice
1702 3938 1765 3996 in
1810 3956 1924 3997 usu
1972 3913 2136 4002 est.

374 4024 665 4084 Prisciani
736 4029 1041 4103 tempore·
1078 4019 1279 4105 (circa

462 4113 641 4173 finem
663 4115 716 4173 V
752 4136 810 4192 p.
840 4115 979 4177 Chr.
1006 4136 1063 4175 n.
1094 4110 1300 4192 saec.):
1347 4118 1693 4176 constanter
1726 4124 1823 4176 ius
1858 4119 2116 4192 exceptoss
2144 4135 2264 4175 uno
2303 4112 2547 4178 altc'ri'us
2574 4135 2705 4192 pro-

1356 4205 1701 4268 nuntiatur..
