3009 4767
1248 789 1317 828 ΟΓ
1346 784 1466 821 ΤΗΕ
1707 797 1710 804 “

1104 856 1626 928 cmvi-:nstw

544 1223 871 1302 Postquam
918 1223 1254 1285 Fridericus
1300 1221 1663 1285 Ritschelius
1720 1239 1874 1284 anno
1930 1221 2106 1284 huius
2163 1222 2381 1285 saeculi
2427 1221 2707 1287 vicesimo

367 1335 520 1375 nono
566 1316 628 1375 in
674 1316 879 1375 libello
927 1316 1029 1391 qui
1072 1315 1398 1390 inscriptus
1446 1318 1541 1374 est
1579 1314 1843 1373 Schedae
1883 1313 2138 1374 Criticae
2176 1316 2249 1374 de
2284 1334 2567 1375 mensura
2602 1336 2708 1393 ge-

367 1406 556 1466 netivi
603 1406 846 1465 alterius
890 1406 1246 1481 disputavit,
1291 1424 1444 1480 quae
1491 1403 1818 1479 disputatio
1864 1422 2019 1462 nunc
2064 1405 2126 1462 in
2172 1399 2361 1464 altero
2406 1407 2707 1465 volumine

371 1495 792 1569 opusculorum
835 1494 1147 1553 Ritschelii
1192 1513 1248 1568 p.
1290 1495 1417 1553 662
1455 1512 1533 1553 ss.
1589 1493 1837 1569 legitur,
1894 1512 1965 1552 ex
2020 1511 2089 1552 eo
2135 1495 2401 1569 tempore
2446 1513 2567 1553 non
2613 1515 2703 1555 so-

368 1584 495 1641 lum
540 1584 672 1659 ipse
718 1584 874 1643 curis
920 1584 1058 1659 plus
1106 1584 1290 1642 semel
1335 1583 1606 1658 repetitis
1653 1583 1731 1640 ad
1775 1582 2151 1657 quaestiones
2194 1583 2508 1658 quasdam,
2554 1603 2707 1660 quae

366 1675 507 1731 sunt
561 1672 634 1731 de
690 1673 988 1749 genetivis
1044 1670 1458 1748 pronominum
1512 1672 1574 1730 in
1637 1673 1732 1730 ius
1794 1670 2203 1730 desinentibus
2265 1674 2707 1748 persequendas

368 1763 431 1819 et
486 1761 539 1820 si
594 1760 722 1821 fieri
778 1765 984 1837 posset
1037 1761 1430 1821 absolvendas
1484 1760 1762 1838 revertit,
1823 1762 1929 1820 sed
1985 1760 2168 1819 etiam
2222 1761 2323 1819 alii
2378 1761 2494 1822 viri
2548 1762 2703 1821 docti

363 1850 679 1909 Ritschelii
727 1850 1232 1927 disputationibus
1286 1850 1548 1926 incitati,
1604 1849 1730 1909 sive
1784 1849 1857 1909 de
1903 1849 2263 1925 quibusdam
2305 1851 2484 1909 rebus
2530 1852 2707 1910 aliter

365 1942 632 2000 statuere
678 1958 855 2014 posse
901 1939 1015 1999 sibi
1060 1940 1438 2012 videbantur,
1502 1937 1627 1998 sive
1685 1939 1757 1997 de
1813 1938 1886 1998 iis
1940 1939 2146 2012 rebus,
2202 1958 2349 2015 quas
2404 1939 2706 2016 attingere

361 2027 602 2087 omnino
648 2029 741 2086 illi
793 2029 856 2087 in
901 2029 1098 2088 animo
1144 2047 1261 2087 non
1306 2028 1531 2106 fuerat,
1578 2031 1750 2086 erant
1794 2027 2024 2102 dicturi,
2084 2028 2162 2087 ad
2207 2028 2447 2087 easdem
2492 2047 2704 2105 quaes-

364 2117 558 2176 tiones
618 2119 962 2177 tractandas
1019 2116 1292 2195 aggressi
1348 2119 1504 2175 sunt.
1590 2115 1704 2185 Qui
1748 2117 1863 2176 viri
1906 2118 2180 2193 quamvis
2233 2117 2431 2176 studia
2486 2137 2594 2176 sua
2641 2118 2704 2176 in

364 2224 502 2264 eum
560 2225 765 2266 omnes
820 2206 998 2266 finem
1052 2206 1513 2279 convertissent,
1567 2208 1639 2264 ut
1692 2224 1846 2281 quae
1900 2206 1975 2265 de
2017 2206 2313 2282 genetivis
2358 2207 2478 2265 illis
2525 2207 2709 2267 dubia

363 2298 570 2355 essent
614 2296 972 2373 indagarent
1013 2300 1075 2355 et
1111 2314 1218 2371 pro
1254 2294 1497 2354 incertis
1536 2298 1701 2353 certa
1735 2295 2093 2371 reperirent,
2138 2297 2343 2354 tamen
2380 2314 2513 2355 cum
2551 2296 2705 2354 alius

360 2385 546 2443 aliam
603 2403 782 2461 quam
840 2385 1178 2444 enuclearet
1232 2384 1640 2460 quaestionem
1696 2384 1810 2443 sibi
1839 2384 2247 2460 ·sumpsisset‚
2315 2384 2540 2444 factum
2588 2390 2699 2452 est,

370 2476 441 2532 ut
484 2493 677 2549 neque
723 2475 996 2551 singulae
1040 2473 1418 2550 quaestiones
1465 2474 1539 2532 ad
1585 2473 1897 2548 genetivos
1941 2474 2358 2549 pronominum
2406 2475 2706 2550 pertinen-

361 2565 455 2623 tes
505 2582 708 2622 omnes
755 2564 1213 2639 explorarentur‘
1252 2581 1470 2638 neque,
1528 2562 1686 2638 quod
1732 2580 1862 2621 eam
1907 2562 2100 2638 ipsam
2146 2564 2221 2622 ob
2277 2581 2516 2623 causam
2570 2562 2699 2622 fieri

361 2670 481 2712 non
541 2651 766 2729 potuit,
822 2652 1092 2729 singulae
1139 2651 1322 2711 totius
1367 2652 1456 2710 rei
1499 2654 1703 2728 partes
1749 2652 1839 2709 ita
1881 2651 2039 2711 inter
2085 2671 2150 2711 se
2195 2655 2702 2731 compararentur,

358 2743 428 2799 ut
480 2741 664 2800 etiam
709 2740 824 2800 sibi
867 2741 1121 2802 invicem
1163 2741 1368 2799 lumen
1410 2740 1710 2799 afferrent.
1786 2738 2064 2801 Genetivi
2098 2741 2255 2800 enim
2289 2741 2704 2817 'pronominum

360 2833 425 2889 et
491 2830 918 2890 adiectivorum
984 2827 1483 2905 pronomina-lium
1555 2847 1708 2905 quae
1781 2829 2060 2888 dicuntur
2112 2830 2175 2888 in
2236 2833 2333 2890 ius
2394 2830 2701 2889 terminati

364 2922 535 2978 tanta
588 2920 746 2978 inter
800 2938 863 2978 se
917 2919 1304 2978 similitudine
1359 2919 1765 2992 continentur,
1827 2922 1899 2978 ut
1950 2919 2265 2979 universae
2319 2938 2555 2995 quoque
2609 2938 2701 2978 ra-

359 3008 582 3084 tioneS,
643 3027 795 3084 quae
842 3026 1045 3068 omnes
1089 3008 1223 3072 illos
1271 3008 1580 3083 genetivos
1627 3009 2123 3083 complectantur,
2159 3007 2299 3088 iure
2345 3008 2468 3068 sint
2512 3011 2702 3067 statu,

360 3099 582 3174 endae„
629 3096 824 3167 Quare
865 3097 1035 3156 nobis
1075 3098 1148 3156 de
1184 3097 1479 3173 genetivis
1516 3096 1639 3155 illis
1678 3088 2124 3173 disputantibus
2162 3099 2286 3157 tam
2333 3097 2406 3156 de
2444 3096 2697 3173 singulis

360 3189 634 3245 accurate
680 3186 1082 3261 quaerendum
1126 3205 1306 3262 quam
1351 3185 1671 3262 diligenter
1708 3205 1778 3244 ea
1816 3186 2163 3264 collegenda
2198 3190 2262 3246 et
2295 3186 2697 3262 comparanda

365 3278 569 3348 erunt,
615 3293 768 3350 quae
815 3275 890 3334 ad
934 3275 1070 3334 illos
1117 3294 1319 3335 omncs
1367 3277 1639 3350 spectent
1651 3269 1718 3355 ¹).

532 3363 916 3439 Pronomina,
960 3383 1213 3440 quorum
1258 3362 1331 3423 de
1375 3363 1670 3441 genetivis
1706 3363 1818 3424 hac
1854 3365 1917 3422 in
1952 3364 2356 3444 disputatione
2394 3364 2692 3441 agendum

280 3451 284 3455 ’
359 3453 528 3514 nobis
585 3456 704 3527 est,
763 3454 911 3513 haec
964 3454 1132 3513 sunt:
1185 3447 1246 3511 εἰς’
1281 3453 1373 3511 hic
1416 3456 1517 3526 qui
1561 3450 1744 3526 (quis)
1789 3454 1886 3512 ille
1928 3456 2034 3513 iste
2076 3456 2226 3527 ipse,
2282 3454 2357 3513 ad
2405 3471 2559 3530 quae
2605 3472 2701 3512 ac-

360 3543 580 3602 cedunt
624 3543 920 3602 adiectiva
964 3541 1421 3618 pronominalia:
1479 3543 1635 3601 alius
1679 3542 1823 3601 alter
1866 3547 2065 3601 neuter
2107 3544 2307 3601 nullus
2350 3543 2507 3601 solus
2551 3546 2699 3600 totus

364 3633 525 3691 ullus
564 3650 718 3692 unus
760 3636 906 3692 uter.
995 3631 1106 3691 De‘
1131 3630 1361 3707 origine
1409 3633 1587 3706 atque
1632 3630 1832 3691 indole
1877 3631 2152 3708 genetivi¹
2186 3632 2250 3692 in
2292 3634 2388 3691 ius
2432 3630 2700 3689 desinen-

539 3839 590 3907 1)
637 3839 755 3892 Iam
800 3837 1067 3893 maiorem
1115 3851 1316 3906 operae
1362 3837 1584 3907 partem
1620 3837 1766 3891 hanc
1800 3835 1861 3890 in
1897 3835 2284 3904 quaestionem
2322 3834 2692 3891 conferendae

360 3908 725 3977 absolveram,
762 3925 889 3963 cum
926 3909 1363 3991 disputationem
1401 3908 1471 3962 de
1510 3907 1706 3963 eadem
1742 3923 1803 3961 re
1840 3906 1911 3961 ab
1948 3908 2090 3977 Aug.
2130 3906 2371 3961 Luchsio
2411 3908 2696 3976 conscrip-

358 3982 477 4034 tam
524 3982 592 4034 et
624 3979 685 4034 in
730 3980 906 4035 altero
953 3979 1217 4034 fasciculo
1264 3978 1429 4050 primi
1474 3978 1775 4034 voluminis
1812 3977 2136 4033 Studiorum
2173 3978 2233 4031 in
2267 3978 2478 4047 priscos
2518 3977 2693 4048 scrip-

357 4054 505 4114 tores
551 4050 780 4105 Latinos
826 4051 1155 4105 collatorum
1210 4068 1244 4105 a
1292 4050 1354 4106 G.
1404 4050 1787 4105 Studemundo
1842 4049 2118 4104 editorum
2167 4050 2515 4118 prodituram
2574 4049 2690 4103 iam

357 4122 572 4191 prelum
616 4122 905 4190 reliquisse
952 4122 1153 4177 inveni.
1231 4121 1338 4187 Qui
1382 4121 1608 4176 libellus
1655 4137 1993 4190 quamquam
2040 4121 2155 4175 iam
2193 4119 2522 4175 Dziatzkoni
2561 4137 2688 4174 cum

359 4192 750 4248 Phormionem
801 4195 907 4261 (ao
951 4196 1124 4262 1874),
1175 4195 1233 4247 et
1281 4193 1466 4247 Brixio
1520 4210 1667 4246 cum
1695 4191 1937 4247 Militem
1986 4192 2291 4275 gloriosum
2341 4190 2522 4246 edidit
2572 4194 2684 4259 (ao.

365 4266 521 4332 1876)
559 4264 617 4318 in
655 4264 910 4322 manibus
947 4267 1084 4333 erat,
1121 4264 1192 4319 ab
1228 4264 1329 4319 illo
1368 4264 1439 4320 ad
1477 4265 1698 4319 Phorm.
1722 4268 1868 4330 648,
1881 4265 1953 4317 ab
1992 4265 2096 4317 hoc
2132 4262 2192 4317 in
2228 4263 2416 4318 adnot.
2456 4261 2577 4317 crit.
2617 4262 2691 4317 ad

362 4334 475 4389 Mil.
503 4341 608 4390 448
646 4338 1132 4405 commemoratae,
1178 4337 1368 4389 tamen
1403 4352 1513 4404 quo
1552 4339 1801 4405 tempore
1829 4334 2273 4405 disputationem
2313 4350 2495 4388 meam
2530 4332 2690 4387 finivi

364 4404 422 4460 in
456 4405 742 4475 publicum
779 4405 1024 4462 nondum
1061 4406 1358 4476 prodierat

1111 4525 1549 4635 isrivs
2206 4494 2269 4549 ff
