3009 4767
1332 222 1770 288 -53-.-

465 385 529 442 et
573 374 645 463 3)
688 384 872 444 Haut.
919 388 1066 447 299.

700 472 892 544 Quom
936 474 1059 535 citis
1100 478 1227 535 tam
1269 476 1673 553 negleguntur
1716 476 2086 540 internuntii.

375 561 499 620 cius
540 561 838 637 positione
883 563 1268 639 spondiacum
1312 565 1538 625 factum
1580 566 1645 625 in
1687 566 1880 642 primo
1916 567 2075 642 pede
2118 568 2426 670 praebent.

550 650 786 711 Pariter
838 655 1086 729 propter
1138 654 1589 715 similitudinem
1643 673 1794 731 quae
1845 656 2005 716 inter
2049 657 2350 718 senarium
2392 658 2713 720 iambicum

372 740 437 798 et
481 741 887 815 septenarium
929 741 1294 804 trochaicum
1340 746 1435 804 est
1478 745 1775 820 spondeus
1822 748 2160 806 excusatur.

463 821 532 910 4)
575 828 1041 998 HecSeggzuom
1094 924 1266 982 orata
1317 923 1443 983 eid-9
1489 922 1864 998 reminiscor,
1921 927 2151 1025 nequeo
2196 923 2342 1000 quin
2383 926 2712 990 lacrumem

459 1089 530 1176 5)
572 1098 752 1158 Most.
801 1101 948 1160 957.
2051 1032 2261 1078 ..mmor

688 1187 979 1265 Quartus,
1004 1190 1304 1266 ·quintus,
1358 1192 1562 1251 sextus
1618 1209 1835 1300 usque3
1892 1192 2211 1340 postqeuzzsm
2227 1191 2416 1357 pktugss
2457 1213 2711 1271 peregre

367 1364 500 1424 hinc
558 1365 623 1423 in
666 1365 722 1423 A
780 1367 965 1428 deest.
1055 1366 1213 1428 Olim
1264 1368 1628 1430 Bitschelius
1682 1388 1791 1444 pro
1846 1371 1967 1432 eim
2019 1369 2084 1430 in
2135 1369 2191 1427 A
2242 1370 2478 1446 legerat
2527 1372 2709 1439 illius,

368 1454 473 1513 sed
499 1454 555 1512 A
590 1456 842 1530 praebet
875 1456 1116 1535 EHUS3
1161 1478 1216 1517 v.
1256 1456 1644 1518 Studemund.
1680 1457 2050 1520 Fleckeiseni
2083 1457 2324 1522 Annau.
2355 1462 2436 1519 93
2469 1451 2708 1541 (1866)

365 1562 423 1618 p.
470 1543 554 1603 55
602 1546 666 1604 et
709 1544 993 1607 Ritschel.
1038 1565 1131 1622 op.
1175 1546 1239 1604 II
1288 1548 1431 1606 684.

458 1625 526 1712 6)
573 1632 813 1695 Phorm.
864 1637 1009 1695 737.
2080 1710 2084 1714 .

547 1721 661 1793 Qui
705 1726 798 1784 est
843 1725 966 1784 eicis
1009 1727 1185 1801 pater
1229 1746 1243 1783 ε
1283 1747 1297 1784 :
1343 1699 1545 1799 Adeo,
1591 1744 1820 1803 maneo,
1868 1725 2010 1784 dum
2053 1725 2198 1786 haec
2243 1745 2395 1803 quae
2439 1725 2709 1802 loquitur

2058 1815 2252 1892 magis
2299 1829 2607 1892 cognosce.

541 1902 849 1964 Bentleius
896 1895 1009 1982 (=
1038 1902 1094 1960 V
1135 1905 1192 1977 1,
1232 1894 1343 1984 10)
1388 1905 1458 1963 ut
1488 1908 1668 1979 pater
1713 1904 1824 1963 sub
1862 1903 1986 1963 ictu
2023 1903 2123 1982 sit,
2170 1904 2225 1963 ei
2268 1904 2488 1970 rationi
2521 1905 2702 1966 nimis

366 1990 684 2052 obsecutus
731 1992 942 2053 scribit
987 1991 1100 2067 Qui
1143 1992 1266 2052 dius
1297 1997 1474 2067 pater
1520 1997 1615 2052 est.

539 2079 743 2140 Simile
787 2081 1026 2141 initium
1072 2082 1394 2141 ostendunt
1440 2081 1789 2157 septenarii:

453 2168 623 2245 Capt.
669 2171 819 2232 482.
890 2169 1035 2231 Dico
1079 2172 1263 2230 wndm
1306 2170 1625 2230 ridiculum
1671 2170 1912 2233 dictum.

449 2259 630 2318 Mero.
677 2259 826 2319 451.
897 2259 1047 2319 Post
1091 2260 1281 2319 aute'm
1326 2260 1652 2320 communis
1698 2260 1783 2319 mi
1825 2260 2010 2320 illast.

449 2347 613 2518 P5rS.
662 2349 808 2409 583.
878 2347 1222 2425 Numquam
1265 2350 1422 2410 ullas
1467 2330 1619 2409 deus
1657 2350 1785 2410 tam
1827 2349 2141 2426 benignus

678 2502 783 2588 An
824 2527 947 2588 ista
988 2545 1108 2587 non
1154 2527 1234 2587 sit
1266 2527 1764 2587 Philocomasium
1811 2529 1991 2603 atque
2040 2527 2160 2587 alia
2195 2528 2317 2588 eius
2354 2527 2564 2588 similis
2602 2526 2697 2588 sit.

361 2614 458 2676 Sic
502 2635 713 2678 versus
759 2615 823 2675 in
866 2616 1038 2676 libris
1087 2619 1203 2694 est3
1255 2616 1320 2676 in
1365 2618 1630 2676 extremo
1677 2635 1857 2676 versu
1902 2615 2263 2678 Bitschelius
2308 2619 2410 2685 sit,
2455 2615 2696 2677 Brixius

360 2705 425 2764 in
467 2705 668 2765 adnot.
715 2705 844 2765 crit.
891 2705 984 2766 ad.
1028 2706 1069 2766 l.
1113 2708 1220 2765 siet
1264 2706 1622 2781 scripturam
1659 2705 1924 2765 codicum
1962 2723 2091 2764 esse
2127 2706 2405 2768 testatur.
2467 2704 2697 2766 Versus

360 2787 584 2870 duplici
626 2794 802 2855 modo
846 2789 972 2872 legi
1014 2796 1238 2872 potest:
1283 2797 1390 2854 aut
1424 2793 1596 2854 hiatu
1632 2795 1772 2870 post
1805 2793 2291 2856 Philocomasium
2324 2794 2385 2854 in
2422 2794 2699 2871 legitima

360 2882 658 2944 dihaeresi
702 2883 961 2944 admisso
1009 2887 1114 2944 aut
1160 2884 1270 2943 sic:

677 2971 1173 3032 Philocomasium
1219 2976 1400 3050 atque
1447 2972 1568 3032 alia
1612 2973 1735 3033 eicis
1780 2971 1990 3032 similis
2039 2971 2170 3031 siet.

360 3059 476 3119 Sed
535 3061 683 3121 haec
744 3062 936 3122 altera
992 3081 1274 3121 mensura
1317 3081 1438 3121 non
1490 3080 1636 3121 vera
1680 3063 1774 3122 est
1818 3080 2010 3137 neque
2055 3060 2352 3121 immerito
2398 3060 2694 3120 Luchsius

358 3142 549 3232 (apud
593 3150 864 3209 Brixium
918 3151 957 3210 L
1004 3142 1073 3231 l.)
1132 3150 1194 3209 in
1249 3169 1320 3210 ea
1373 3150 1645 3211 offendit:
1700 3150 1853 3210 hanc
1906 3149 2064 3209 enim
2118 3149 2321 3210 sedem
2375 3150 2697 3226 spondiaco.

358 3236 650 3299 vocabula
705 3257 827 3299 non
883 3242 1104 3301 tenent.
1203 3239 1497 3299 Luchsius
1561 3239 1743 3299 etiam
1796 3239 1860 3297 in
1913 3238 2167 3299 obscura
2224 3236 2340 3300 loci
2399 3237 2728 3299 sententia‘

358 3326 573 3404 haesit,
620 3327 726 3387 sed
768 3328 1010 3388 Brixius
1056 3328 1120 3387 in
1164 3328 1548 3388 adnotatione
1584 3328 1888 3404 exegetica
1922 3326 2000 3385 ad
2033 3327 2074 3388 l.
2111 3346 2243 3387 eam
2278 3326 2694 3390 difficultatem

356 3415 626 3490 removit.
729 3417 958 3479 Versus
1011 3415 1198 3495 igitur
1251 3420 1358 3477 aut
1401 3416 1600 3494 priore
1643 3416 1750 3476 illa
1793 3417 2025 3476 ratione
2067 3416 2358 3492 legendus
2405 3415 2513 3475 aut
2558 3435 2693 3476 cum

304 3565 309 3572 ,
356 3505 683 3567 Bitschelio
731 3505 816 3567 sic
860 3506 1207 3567 scribendus
1254 3508 1372 3565 est:

675 3570 778 3654 An
813 3593 934 3655 ista
966 3614 1086 3655 non
1121 3595 1202 3655 sit
1228 3591 1731 3656 Philocomasium
1767 3596 1947 3671 atque
1984 3593 2103 3654 alia
2140 3592 2352 3655 similis
2390 3595 2513 3653 eius
2559 3593 2692 3654 siet.

537 3683 738 3745 Hwius
779 3684 1065 3746 trochaici
1109 3683 1353 3763 oxytoni
1393 3684 1545 3744 haec
1589 3684 1859 3761 exempla
1901 3682 2126 3745 inveni:

452 3764 518 3852 1)
562 3772 743 3834 Merc.
788 3773 934 3832 514.

679 3860 888 3922 Oratio
936 3861 1143 3939 edepol
1188 3861 1381 3939 pluris
1428 3862 1524 3921 est
1557 3862 1730 3922 husius
1767 3880 1944 3938 quam
1982 3860 2193 3937 quanti
2228 3860 2375 3920 haec
2412 3862 2692 3936 emptast.

357 3949 456 4010 Sic
499 3949 657 4026 libri,
702 3950 819 4012 nisi
863 3950 1021 4027 quod
1061 3951 1162 4011 hcc
1203 3951 1267 4010 in
1301 3952 1352 4010 B
1402 3954 1512 4025 est,
1558 3950 1637 4011 ad
1682 3950 1840 4026 quod
1874 3949 2239 4010 Ritschelius
2286 3949 2451 4024 Quod
2484 3950 2691 4008 saltem

356 4032 471 4099 ea'
519 4058 638 4100 esse
682 4042 955 4101 debuerat
996 4038 1260 4102 adnotat.
1332 4039 1450 4099 Sed
1487 4036 1971 4099 CFGMuellerus
2016 4038 2360 4098 additamm.
2404 4037 2481 4096 ad
2525 4055 2690 4113 pros.

357 4127 554 4188 Plaut.
601 4149 658 4204 p.
709 4130 854 4191 130.
898 4147 1139 4190 versum
1184 4129 1339 4188 Rud.
1389 4130 1558 4188 1388
1606 4127 1940 4187 conferens:

675 4197 748 4276 fd
794 4236 905 4295 ego
952 4218 1230 4279 continuo
1274 4218 1408 4278 hwle
1451 4216 1622 4290 dabo,
1667 4215 1814 4276 adeo
1852 4221 1948 4277 me
1985 4219 2054 4276 ut
2087 4217 2178 4275 hic
2213 4214 2451 4275 emittat
2484 4232 2687 4277 manu.

355 4326 502 4367 num
563 4309 727 4366 recte
787 4306 939 4367 illud
995 4306 1361 4368 Ritschelius
1425 4304 1643 4365 dixerit
1699 4304 1913 4366 merito
1972 4304 2225 4366 dubitat.
2324 4302 2689 4374 Ritschelius

355 4414 600 4484 versum
646 4394 876 4456 scribit.
