3009 4767
1264 175 1695 240 -ῃ-

2023 281 2030 326 e

747 423 1129 508 conspectus
1173 440 1446 489 summae
1490 423 1696 490 totius
1742 422 2217 508 disputationis,

489 554 720 629 Restat,
759 559 829 615 ut
863 573 1040 615 usum
1066 555 1369 616 variorum
1401 556 1815 632 genetivorum
1842 556 2253 632 pronominum
2281 558 2407 615 tam
2435 574 2640 615 eorum

315 661 462 718 quos
508 642 570 702 in
614 644 812 719 priore
858 643 1282 720 disputationis
1318 648 1492 721 parte
1527 645 1784 707 tractavi
1819 663 1997 722 quam
2033 664 2286 721 quorum
2324 644 2398 703 de
2433 644 2641 703 formis

314 732 378 790 in
421 733 613 792 altera
654 736 827 808 parte
873 734 1281 810 quaestionem
1325 734 1589 809 institui,
1645 734 1916 795 tabulam
1969 753 2151 811 supra
2194 754 2251 810 p.
2300 735 2381 794 28
2429 752 2642 810 propo-

317 821 497 881 sitam
543 823 826 898 supplens
872 822 1238 885 adumbrem.

596 963 782 1024 Varia
824 964 1018 1026 forma
1063 943 1125 1027 et
1167 984 1449 1027 mensura
1491 967 1904 1044 genetivorum
1947 965 2363 1044 pronominum

1425 1056 1531 1133 qui

466 1236 606 1294 ante
650 1234 1133 1296 terminationem
1176 1238 1272 1297 ius
1682 1237 1822 1295 ante
1865 1235 2345 1296 terminationem
2388 1238 2483 1296 ius

519 1328 938 1384 consonantem
983 1324 1229 1392 habent.
1805 1326 2072 1386 vocalem
2116 1325 2364 1385 habent:

226 1514 231 1519 .
318 1464 559 1525 Plauti
605 1469 873 1569 tempore
917 1475 1013 1528 ius
1050 1471 1111 1529 et
1143 1471 1239 1529 ius
1271 1466 1421 1544 ἰ’(αε)
1532 1431 1738 1542 quo‘zv‘is
1755 1466 2039 1528 usitatius
2067 1487 2245 1544 quam
2264 1467 2467 1542 qubius
2492 1470 2645 1546 erat,

402 1555 633 1631 11811161·
703 1556 766 1615 in
838 1575 978 1636 USUv
1051 1577 1083 1617 1'
1085 1576 1256 1617 arum
1328 1554 1427 1619 ‘32⁶3
1620 1575 1743 1634 e'ius
1762 1576 1823 1635 et
1844 1550 1966 1635 cius
1993 1574 2161 1635 iuxta
2180 1574 2644 1651 usurpabantur,

404 1648 551 1707 orat
1620 1658 1793 1741 huius
1816 1680 2012 1742 minus
2051 1701 2229 1758 saepe
2258 1700 2438 1759 quam
2472 1682 2646 1742 lidius

1623 1769 1949 1831 dicebatur.

493 1894 806 1955 Breviores
849 1897 1074 1970 formae
1118 1900 1171 1956 et
1212 1843 1492 1972 lonywotes
1535 1897 1601 1957 in
1644 1896 1835 1955 eodem
1877 1896 2000 1969 fere
2040 1914 2154 1956 usu
2196 1900 2345 1957 svmt.

320 2000 368 2058 T
384 1993 654 2061 erentii
706 2004 972 2078 tempore
1027 2001 1255 2063 formae
1300 2004 1430 2063 bre·
1538 2006 1742 2078 quoius
1785 2001 1911 2063 fere
1957 2005 2234 2063 constans
2282 2006 2430 2079 erat,
2473 2003 2648 2067 huius

404 2090 598 2152 1710168
626 2090 818 2167 magis
866 2111 1048 2168 ‘luam'
1083 2092 1148 2151 111
1181 2098 1277 2153 ‘32⁶8
1328 2091 1429 2153 de·
1626 2113 1687 2170 et
1778 2113 1901 2171 eius
1979 2110 2382 2186 frequentiora
2468 2128 2647 2187 quam

407 2179 670 2240 sinentes
690 2180 1242 2257 frequentabantur,
1253 2199 1427 2241 rarus
1622 2200 1796 2261 haias
1840 2202 1903 2260 θῇ,
1946 2199 2069 2259 ἕως
2114 2202 2301 2259 orant,

407 2269 844 2329 terminationis
859 2266 957 2331 ius
969 2289 1114 2330 usus
1130 2271 1428 2332 manebat.

504 2394 661 2456 Usus
704 2396 1028 2456 breviorum
1070 2396 1400 2469 fomamm
1443 2397 1657 2456 crescit.

320 2500 695 2563 Ciceronis
742 2503 943 2562 aetate
976 2509 1072 2563 ius
1116 2506 1180 2563 et
1222 2499 1320 2564 ius
1363 2502 1426 2562 in
1532 2502 1848 2563 Breviores
1876 2501 2104 2563 formae
2130 2504 2371 2578 praeter
2398 2503 2646 2562 cuimodi

408 2607 678 2652 sermone
717 2591 1015 2661 cotidiano
1053 2594 1242 2668 erant,
1289 2611 1424 2653 raro
1622 2594 1963 2653 cuicuimodi
1979 2610 2222 2668 perraro
2248 2590 2312 2650 in
2331 2610 2444 2651 usu
2473 2595 2646 2651 erant

404 2680 670 2757 genetivi
715 2680 1012 2744 decurtati
1058 2681 1425 2745 dicebantur.
1620 2683 1963 2758 poetarum,
2035 2680 2099 2741 in
2159 2681 2286 2741 vita
2349 2679 2648 2741 cotidiana

712 2801 719 2810 ·
1624 2770 1752 2832 sine
1797 2770 1975 2831 dubio
2021 2769 2360 2830 manebant.

505 2892 660 2954 Usus
678 2896 1001 2955 breviorum
1026 2896 1354 2969 formarum
1371 2895 1532 2969 apud
1548 2896 1853 2969 scriptores
1870 2897 1993 2954 iam
2007 2912 2299 2969 perrarus
2325 2895 2517 2968 factus
2548 2898 2644 2955 cst.

320 2996 762 3068 Quintiliani
803 3004 1102 3077 tempore,
1165 3002 1424 3078 exceptis
1469 3015 1473 3019 ·
1534 2995 1903 3078 Scriptorum
1940 3021 2011 3061 ex
2046 3021 2160 3061 usu
2189 3000 2493 3061 breviores
2530 3000 2646 3060 for-

404 3086 704 3163 utriusque
721 3092 783 3149 et
801 3088 1061 3159 alterius,
1079 3091 1423 3150 terminatio
1620 3109 1771 3168 mae,
1808 3090 2065 3151 fortasse
2105 3091 2348 3165 excepto
2378 3091 2642 3159 cuimodi,

405 3185 500 3239 ius
545 3182 823 3238 constans
869 3179 933 3238 in
967 3199 1082 3239 usu
1118 3180 1423 3239 hominum
1620 3179 1922 3255 abierunt,
1979 3180 2043 3238 in
2089 3197 2359 3240 sermone
2403 3180 2642 3257 vulgari

407 3270 562 3345 erat3
606 3270 847 3343 praeter
875 3268 1022 3329 duos
1049 3269 1184 3328 illos
1211 3273 1424 3346 poetae
1622 3271 1890 3330 servatas
1945 3287 2047 3328 eas
2104 3286 2237 3328 esse
2280 3268 2409 3329 veri
2453 3268 2646 3329 simile

407 3357 519 3415 soli
572 3357 754 3415 etiam
812 3357 1065 3418 aliorum
1128 3358 1425 3433 pronomi-
1617 3357 1732 3421 est.
1821 3356 2055 3415 Pariter
2108 3356 2445 3432 insequenti
2497 3359 2644 3417 tem-

405 3464 550 3505 num
585 3446 893 3522 genetivos
930 3447 994 3506 in
1027 3444 1125 3508 ius
1160 3446 1425 3507 desinen-
1473 3490 1478 3494 -
1620 3465 1765 3522 pore
1794 3444 1882 3521 fit,
1910 3445 2027 3505 nisi
2055 3445 2213 3525 quod
2240 3446 2487 3506 cuimodi
2502 3443 2640 3505 Gel-

406 3537 498 3595 te's
546 3534 930 3597 admiserunt.
1619 3535 1736 3594 lius
1791 3533 2047 3595 fortasse
2103 3553 2236 3595 cum
2293 3533 2642 3611 aequalibus

1621 3623 1997 3699 antiquitatis
2026 3622 2394 3683 amatoribus
2417 3622 2641 3686 scribit.

491 3748 704 3810 Solitac
745 3750 970 3823 formae
1000 3766 1253 3824 prorsus
1285 3748 1646 3825 praevalent.

317 3854 794 3916 Terentianus
830 3856 1122 3917 Maurus
1160 3874 1280 3916 una
1305 3860 1423 3918 ter-

403 3944 726 4005 minatione
768 3952 864 4005 ius
905 3945 1114 4006 utitur.

317 4049 674 4110 Prisciani
743 4053 1013 4127 tempore
1084 4054 1426 4113 constanter

401 4145 525 4207 ius,
560 4141 801 4214 excepto
837 4159 955 4201 uno
991 4138 1251 4209 altevius,
1293 4160 1424 4219 pro-

401 4227 807 4288 nuntiabatur.
