3009 4767
1359 208 1794 274 -—14-—-
2355 243 2368 268 .

413 374 800 440 statuendum
855 373 991 436 est?
1082 374 1178 434 An
1222 393 1364 436 vero
1422 395 1558 435 cum
1610 394 1729 442 non
1788 375 1984 442 solum
2027 374 2291 451 genetivi
2335 374 2754 452 pronominum

360 529 365 534 ,
408 468 463 525 is
506 467 617 538 qui.
643 465 764 531 sint
801 466 943 525 eius·
959 466 1177 539 quoius,
1224 465 1330 524 sed
1371 464 1554 524 etiam
1592 467 1792 525 cetera
1827 465 2181 542 pronomina
2217 468 2281 525 et
2315 467 2755 541 pronominalia

409 554 609 616 omnia
651 553 880 630 pariter
924 554 1269 630 genetivum
1312 554 1376 612 in
1410 557 1507 614 ius
1540 554 1888 629 terminent,
1935 571 2123 616 unum
2158 555 2593 619 nominativum
2629 557 2745 615 alis

415 644 638 704 habere
683 644 1031 719 genetivum
1061 644 1189 703 >alis
1225 645 1287 702 et
1321 663 1438 703 non
1476 645 1633 706 alius
1670 643 1987 720 quisquam
2024 643 2264 705 credet?
2329 643 2520 715 Quam
2553 663 2752 704 neces-

409 732 653 792 sitatem
709 732 813 809 qui
857 734 971 795 alis
1016 733 1138 792 alid
1181 732 1409 808 pariter
1452 732 1779 794 formatum
1823 750 1955 792 esse
1998 736 2182 809 atque
2226 735 2279 792 is
2322 735 2401 801 id,
2448 735 2579 807 quis
2613 735 2752 807 quid

410 824 638 896 censet,
701 821 927 882 evitare
968 820 1106 886 >non
1166 824 1383 897 potest.
1471 821 1584 888 De,
1619 823 1895 898 opinione
1951 822 2014 881 in
2072 840 2252 898 quam
2310 822 2591 882 inciderit
2648 822 2755 884 ali-

409 910 570 988 quis,
637 911 751 972 alis
807 911 1155 995 genetivum
1213 910 1567 971 nominativi
1631 912 1745 971 abis
1803 930 1960 985 esse,
2033 914 2103 970 u‘t
2160 907 2562 973 nominativus
2623 914 2753 973 avis

408 1000 756 1076 genetivum
801 1002 930 1060 avis
972 1000 1169 1074 faciat,
1214 1000 1464 1060 verbum
1509 1020 1629 1062 11011
1674 1001 1821 1061 (1100.
1887 998 2058 1070 Quod
2095 1004 2296 1062 autem
2333 1001 2599 1077 genetivi
2642 1003 2752 1061 alii

411 1092 475 1148 et
517 1091 602 1148 ali
645 1090 801 1149 alter
844 1089 967 1150 iam
1010 1090 1168 1164 apud
1207 1087 1493 1149 Catonem
1540 1087 1674 1162 (alii
1716 1088 1917 1164 modi),
1964 1090 2120 1149 alter
2163 1089 2228 1147 in
2274 1092 2512 1150 alimodi
2558 1084 2750 1170 (Fest.

407 1201 467 1256 p.
496 1172 609 1258 28)
655 1197 834 1255 quam
878 1178 1236 1240 locutionem
1273 1178 1524 1238 Verrius
1569 1178 1818 1240 Flaccus
1866 1178 2024 1242 haud
2072 1179 2250 1238 dubie
2297 1199 2367 1238 ex
2415 1178 2749 1255 antiquiore

413 1266 707 1343 scriptore
744 1267 1028 1343 repetivit
1054 1270 1237 1345 extat,
1263 1268 1665 1328 nominativus
1695 1271 1897 1327 autem
1934 1269 2049 1328 alis
2076 1269 2200 1328 alid
2226 1269 2479 1344 septimo
2510 1269 2750 1328 demum

409 1358 646 1416 saeculo
701 1357 765 1416 in
818 1376 996 1417 usum
1040 1357 1230 1433 venit,
1287 1376 1358 1418 ea
1402 1375 1500 1416 res
1553 1358 1784 1418 nullam
1837 1357 1900 1416 in
1955 1375 2019 1416 se
2073 1356 2490 1417 difficultatem
2544 1358 2746 1417 habet.

406 1444 745 1507 Genetivus·
766 1447 924 1506 enim
952 1446 1056 1522 qui
1081 1446 1372 1521 producta
1399 1447 1769 1521 paenultima
1797 1448 1977 1508 aliiue
2004 1449 2150 1532 erat,
2180 1466 2315 1505 eum
2341 1448 2744 1508 nominativus

404 1535 834 1611 paenultimam
891 1536 1242 1612 corriperet,
1292 1535 1567 1596 ultimam
1616 1535 1913 1612 syllabam
1955 1553 2028 1595 us
2072 1523 2459 1595 antecedente
2496 1538 2678 1613 longa
2722 1540 2747 1596 i

406 1624 569 1684 haud
615 1625 794 1684 dubie
840 1626 1031 1688 multo
1068 1625 1234 1701 prius
1283 1627 1345 1684 et
1387 1624 1626 1686 facilius
1675 1644 1852 1742 quam
1897 1625 1961 1684 111
2004 1643 2077 1683 us
2120 1625 2473 1686 nominativi
2519 1626 2744 1686 factum

407 1717 502 1773 est
547 1713 906 1775 obscuravit.

583 1822 674 1879 Ex
719 1822 917 1881 6111116
943 1824 1005 1880 61
1049 1822 1207 1881 alius
1248 1820 1508 1896 primum
1554 1823 1691 1881 aliis
1736 1823 1798 1880 et
1841 1822 1973 1898 alie,
2020 1821 2234 1881 deinde
2278 1823 2504 1882 formae
2541 1823 2646 1881 alii
2684 1826 2746 1882 et

405 1912 490 1970 ali
551 1911 745 1974 factae
801 1914 960 1972 sunt.
1058 1910 1360 1969 Paulatim
1415 1910 1596 1969 etiam
1649 1910 2052 1971 nominativus
2108 1914 2220 1972 alis
2275 1913 2398 1970 alid
2451 1912 2515 1969 in
2569 1930 2744 1970 usum

405 1999 685 2060 veniebat
729 2003 793 2059 et
838 2000 1092 2076 septimo
1138 2000 1322 2059 Urbis
1368 2000 1608 2059 saeculo
1653 1999 2169 2075 frequentabatur.
2244 2001 2391 2060 Post
2427 2002 2747 2076 septimum

405 2089 620 2149 deinde
676 2090 978 2148 saeculum
1036 2088 1277 2149 brevior
1336 2090 1399 2147 et
1449 2088 1854 2149 nominativus
1912 2091 1972 2148 et
2015 2090 2328 2165 genetivus
2374 2089 2745 2165 plenioribus

405 2196 617 2237 rursus
663 2178 871 2238 formis
919 2178 1152 2254 expulsi
1189 2181 1346 2237 sunt.
1412 2176 1693 2237 Ceterum
1729 2178 2044 2254 genetivus
2083 2178 2360 2238 adiectivi
2396 2180 2553 2239 alius
2587 2179 2746 2254 apud

404 2270 614 2343 poetas
663 2265 959 2327 scaenicos
1004 2285 1124 2326 non
1167 2266 1488 2326 invenitur.

586 2375 787 2433 Etiam
851 2374 1015 2433 aliud
1069 2374 1325 2433 fortasse
1369 2373 1695 2449 vestigium
1740 2376 1860 2450 est,
1918 2374 2075 2449 quod
2121 2374 2196 2433 ad
2242 2375 2551 2450 genetivos
2588 2375 2651 2433 in
2695 2377 2749 2435 is

405 2463 749 2523 desinentes
792 2464 1100 2540 perducat.
1174 2463 1272 2521 An
1317 2482 1458 2522 vero
1505 2464 1813 2539 genetivos
1858 2466 1971 2522 mis
2016 2467 2077 2522 et
2122 2466 2196 2522 tis
2231 2463 2410 2523 aliter
2444 2468 2625 2540 atque
2663 2464 2748 2522 sic

402 2543 594 2612 factos
644 2541 774 2611 e‘sse
820 2557 1016 2629 putaS,
1062 2554 1130 2610 ut
1176 2551 1253 2609 ad
1299 2552 1516 2627 stirpes
1562 2554 1669 2611 mi·
1716 2555 1777 2610 et
1823 2554 1889 2611 ti·
1935 2552 2288 2612 terminatio.
2313 2554 2578 2628 genetivi
2613 2571 2748 2629 pro-

405 2643 713 2712 nominum
764 2644 860 2701 ius
907 2639 1255 2700 accederet?
1345 2640 1611 2700 Formis·
1635 2643 1836 2700 autem
1888 2644 2088 2700 νηὶ-1116
2141 2644 2304 2701 ἰὶ-ῐαε
2356 2643 2613 2719 primum
2670 2643 2746 2701 ad

407 2734 561 2791 mins
605 2733 738 2798 tius,
784 2733 923 2807 post
969 2730 1044 2789 ad
1088 2732 1202 2789 mis
1245 2733 1319 2789 tis
1363 2728 1461 2789 via
1505 2729 1785 2805 proclivis
1831 2730 1964 2790 fuit.

528 2909 531 2914 ⁴
581 2844 809 2916 Quibus
857 2845 1131 2906 omnibus
1176 2845 1513 2922 perpensiS,
1569 2845 1634 2903 in
1679 2864 1947 2906 sermone
1991 2846 2110 2905 illis
2153 2848 2281 2906 istis
2336 2846 2554 2905 similia
2607 2865 2744 2907 nus-

404 2954 583 3011 quam
619 2955 737 2996 non
773 2936 879 2995 ubi
913 2935 1135 2996 vocalis
1175 2937 1380 2993 secuta
1415 2938 1525 3009 est,
1564 2937 1702 2993 ante
1740 2938 2160 2995 consonantem
2198 2938 2400 2994 autem
2436 2939 2505 2994 ut
2532 2935 2743 3012 cuique

404 3025 608 3099 libuit,
666 3024 811 3101 quin
865 3024 1250 3101 pronuntiata
1305 3024 1426 3082 sint
1477 3043 1599 3082 non
1657 3023 2080 3084 dubitabimus,
2172 3022 2288 3083 Sed
2332 3024 2510 3092 aliter
2554 3026 2627 3084 (16
2674 3044 2745 3085 66

405 3113 702 3189 scriptura
745 3112 1127 3190 iudicandum
1174 3116 1282 3174 est.
1372 3112 1539 3171 Nihil
1585 3112 1743 3171 enim
1788 3132 2001 3173 causae
2048 3116 2323 3190 apparet,
2370 3132 2477 3176 cur
2520 3112 2742 3173 formas

399 3202 462 3261 in
516 3206 570 3262 is
623 3203 976 3263 terminatas
1046 3204 1228 3261 etiam
1283 3201 1463 3260 scribi
1519 3202 1726 3262 solitas
1784 3221 1915 3262 esse
1971 3221 2292 3263 sumamus.
2381 3202 2540 3261 Nam
2586 3204 2743 3279 quod

402 3310 558 3350 unus
603 3292 918 3368 genetivus
967 3292 1080 3351 alis
1126 3294 1317 3365 extat,
1382 3290 1510 3349 eius
1557 3292 1813 3367 exempli
1857 3292 1948 3352 vis
1993 3311 2112 3350 non
2157 3295 2393 3350 tantum
2444 3292 2631 3366 valet,
2676 3296 2746 3351 ut

403 3382 507 3439 alii
552 3400 787 3456 quoque
832 3380 1096 3457 genetivi
1143 3380 1219 3439 ad
1263 3398 1531 3438 normam
1578 3379 1704 3439 eius
1751 3381 2065 3441 revocandi
2110 3379 2247 3456 sint,
2293 3400 2485 3456 neque
2527 3380 2742 3441 melito

401 3469 468 3531 P.
506 3469 826 3545 Langenus
873 3470 910 3529 1.
958 3470 994 3527 1.
1043 3469 1352 3546 genetivos
1398 3468 1461 3526 in
1504 3471 1558 3527 16
1604 3468 1941 3529 desinentes
1989 3470 2329 3529 coniectura
2374 3471 2610 3528 tantum
2650 3488 2740 3528 as-

408 3557 647 3619 secutus
694 3559 758 3617 in
802 3578 1012 3618 1616116
1058 3561 1370 3634 poetarum
1415 3558 1708 3633 recepisse
1746 3555 1997 3618 videtur.
2072 3558 2261 3617 Immo
2299 3558 2482 3619 etiam
2517 3559 2581 3617 in
2619 3578 2743 3617 ser-

401 3667 577 3708 mone
633 3647 859 3708 formae
915 3647 977 3705 in
1030 3650 1084 3707 is
1137 3648 1491 3707 terminatae
1549 3647 1744 3706 minus
1800 3667 1980 3723 quam
2034 3666 2186 3723 (11166
2240 3648 2303 3707 111
2346 3651 2370 3708 1·
2416 3651 2635 3708 exeunt
2679 3648 2742 3707 in

401 3757 517 3797 usu
573 3738 761 3796 fuisse
815 3737 945 3796 veri
1000 3736 1192 3795 simile
1248 3739 1358 3796 est.
1450 3736 1739 3811 Exempla
1787 3737 1948 3795 enim
2003 3756 2041 3795 a
2094 3737 2500 3813 grammaticis
2555 3738 2742 3796 allata

402 3821 486 3907 (v.
532 3845 733 3904 supra.
757 3846 813 3902 p.
848 3817 1017 3906 116.)
1065 3826 1279 3900 01111116,
1326 3845 1459 3885 cum
1508 3825 1683 3883 solito
1729 3818 1893 3885 more
1938 3826 2145 3884 littera
2181 3844 2211 3884 s
2246 3828 2387 3904 ante
2424 3823 2740 3886 consonan-

398 3918 525 3994 tem
563 3916 1002 3989 obscuraretur,
1040 3914 1522 3975 terminationem
1557 3916 1581 3973 1’
1617 3916 1955 3975 ostendunt.
2029 3914 2194 3985 Quae
2230 3915 2570 3975 terminatio
2607 3935 2741 3975 cum

402 4004 533 4086 iure
589 4005 920 4081 scripturae
975 4024 1210 4080 quoque
1265 4003 1568 4063 reddenda
1614 3995 1735 4077 sit,
1774 4006 1974 4062 tamen
2019 4003 2172 4062 illud
2217 4004 2380 4063 aliud
2426 4004 2607 4063 etiam
2652 4025 2741 4064 re-

401 4094 593 4169 linqui
639 4093 1075 4153 concedendum
1121 4096 1230 4168 est,
1277 4097 1346 4152 ut
1390 4092 1453 4151 in
1497 4091 1592 4152 ius
1636 4092 1790 4164 illae„
1820 4095 2048 4153 formae
2094 4093 2491 4152 scribentibus
2538 4091 2736 4153 termi-

401 4185 707 4258 narentur,
745 4182 806 4241 in
842 4186 866 4242 1·
900 4182 999 4243 161
1033 4184 1086 4241 is
1123 4182 1474 4241 dicentibus.
1542 4180 1770 4251 Quibus
1803 4181 2162 4258 praemissis,
2202 4182 2265 4240 in
2290 4182 2742 4289 insequentibus

403 4298 674 4359 versibus
719 4302 859 4358 ante
904 4301 1296 4384 consonantes
1340 4295 1555 4373 11ῐᾶ116)
1602 4298 1700 4359 161
1729 4291 1857 4375 1111,
1914 4291 2055 4358 ante
2104 4298 2337 4359 vocales
2382 4299 2544 4358 illius
2586 4299 2741 4376 pari-

402 4392 613 4466 terque
659 4388 807 4454 alios
855 4388 1164 4466 genetivos
1210 4387 1483 4450 scribam.
