3009 4767
1187 248 1629 317 *47*

242 413 435 478 minus
498 433 678 494 saepe
734 409 948 494 quam
978 418 1278 494 disyllaba
1336 417 1578 477 videtur
1628 420 1922 494 usurpata
1957 437 2125 482 -.esse
2216 417 2576 497 Longiorem

241 509 497 567 formam
539 508 791 567 Plautus
852 507 1164 584 sexaginta
1222 510 1385 579 octe,
1443 507 1781 567 breviorem
1831 527 1949 568 11110
2003 507 2068 567 et
2124 509 2377 590 triginta
2427 511 2575 571 locis

243 598 444 674 habet,
492 597 811 657 Terentius
842 597 1175 672 longiorem
1209 596 1428 672 viginti
1464 589 1713 672 duobus,
1759 597 2093 656 breviorem
2131 599 2385 657 sedecim
2412 600 2577 658 10616.

240 685 444 744 Plauti
489 685 677 762 igitur
718 690 988 761 tempore
1033 685 1448 761 monosyllaba
1491 685 1686 744 forma
1732 684 2063 761 disyllabae
2107 688 2366 746 multum
2411 687 2576 747 cede-

239 774 382 850 bat,
426 775 532 834 sed
583 775 704 833 iam
759 777 926 834 66166
973 774 1242 833 Terentii
1294 774 1630 834 breviorem
1675 775 1845 833 haud
1899 776 2090 835 multo
2145 777 2341 836 16111116
2398 795 2577 853 quam

238 864 481 938 plenam
527 863 941 939 frequentasse
987 863 1241 923 videtur.
1723 903 1730 910 ,

416 945 652 1027 Quoius
698 953 1095 1028 monosyllabi
1151 955 1453 1026 sexaginta
1495 955 1615 1011 tria
1660 953 1931 1027 exempla
1975 955 2409 1031 congessimus,
2472 955 2577 1015 sed

211 1035 450 1115 'quoius
513 1041 885 1120 disyllabum
944 1044 1147 1115 viyinti
1214 1043 1399 1100 tribus
1447 1045 1709 1100 tantum
1761 1042 1936 1102 10616
1983 1044 2254 1103 occurrit.
2345 1044 2577 1114 Quibus

239 1149 311 1189 ex
352 1131 618 1189 numeris
664 1131 1050 1190 manifestum
1089 1134 1196 1202 est,
1244 1130 1489 1188 dimidio
1536 1131 1664 1210 fere
1698 1131 1832 1206 plus
1868 1131 1975 1189 illo
2011 1136 2280 1207 tempore
2313 1136 2446 1206 qum·
2480 1131 2579 1193 vel

238 1222 404 1292 queis
447 1237 627 1294 quam
671 1220 874 1292 quoius
918 1220 1370 1294 pronuntiatum
1416 1238 1586 1278 esse.-
1599 1219 1842 1278 Plauti
1888 1220 2263 1297 undeviginti
2308 1224 2581 1298 exempla

238 1308 546 1409 longioris,
590 1309 884 1368 brevioris
910 1297 1160 1368 formae
1184 1307 1439 1385 triginta
1481 1309 1602 1366 tria
1645 1311 1802 1382 sunt,
1842 1307 2188 1369 Terentium
2232 1329 2375 1372 vero
2411 1331 2580 1371 num-

238 1415 419 1473 quam
475 1398 540 1456 in
597 1396 816 1457 fabulis
876 1382 1089 1471 quoius
1141 1416 1462 1472 usurpasse
1518 1396 1824 1458 contendo.
1913 1397 2072 1456 Nam
2115 1418 2251 1459 cum
2294 1400 2580 1460 tredecim

236 1485 383 1545 locis
441 1486 755 1545 decurtata
806 1486 1001 1546 forma
1053 1487 1416 1559 inveniatur,
1475 1505 1592 1545 11110
1647 1487 1775 1545 1060
1821 1472 2027 1560 quoius
2053 1488 2482 1592 disyllabum
2485 1510 2582 1549 oc·

237 1578 458 1650 currat,
506 1594 713 1634 eorum
757 1595 1140 1635 numerorum
1184 1575 1415 1634 ratione
1459 1575 1670 1635 habita
1714 1576 1856 1651 quin
1901 1576 2005 1635 illo
2051 1596 2170 1637 uno
2206 1579 2337 1640 loco
2372 1564 2582 1652 madius

236 1661 594 1722 mutandum
640 1664 721 1723 sit
767 1684 834 1725 60
880 1665 1078 1724 1616116
1127 1664 1364 1737 dubito,
1411 1665 1571 1739 quod
1626 1665 1961 1724 emendatio
2014 1666 2208 1727 facilis
2266 1686 2330 1727 66
2385 1668 2578 1728 offert.

235 1753 431 1813 Locus
478 1756 572 1812 661,
616 1745 701 1834 (p.
748 1747 862 1835 40)
907 1753 1171 1812 Andriae
1215 1771 1424 1813 versus
1475 1756 1630 1814 772:

558 1842 651 1903 Ne
695 1843 802 1901 illa
846 1843 1017 1901 illum
1063 1842 1224 1901 haud
1267 1842 1450 1919 novit,
1497 1843 1701 1916 quoius
1746 1860 1926 1902 causa
1970 1844 2118 1904 11666
2161 1843 2387 1921 incipit.

237 1930 357 1991 Pro
388 1934 600 2005 quoius
635 1931 924 1991 librorum
961 1950 1074 2008 ego
1111 1927 1283 2006 quoia
1325 1931 1537 1991 scribo.
1609 1931 1798 2006 Quoia
1842 1950 2022 1993 causa
2066 1933 2321 1993 Plautus
2366 1935 2579 1995 Bacch.

239 2023 368 2080 948
417 2021 590 2080 dixit:

562 2109 624 2168 Is
661 2109 953 2169 Helenam
990 2069 1254 2186 abduxit,
1301 2109 1474 2183 quoia
1512 2128 1693 2170 causa
1728 2113 1884 2169 61166
1920 2111 2074 2172 facio
2113 2112 2411 2172 obsidium
2444 2092 2575 2175 1110.

237 2198 491 2258 Duobus
522 2195 740 2257 Plauti
782 2187 930 2286 10616
960 2202 1180 2278 quoius
1224 2216 1405 2258 causa
1450 2201 1562 2257 est.

425 2286 656 2347 Versus
701 2277 839 2347 Mil.
879 2290 1046 2349 1009
1079 2307 1124 2348 6.
1169 2286 1309 2348 111111
1356 2287 1440 2347 616
1485 2287 1791 2348 exhibent:

558 2375 813 2453 Sequere
859 2378 970 2437 hac
1014 2396 1110 2437 me
1157 2395 1300 2453 ergo
1347 2398 1361 2434 :
1400 2369 1827 2453 P:edisequus
1872 2377 1985 2438 tibi
2032 2399 2176 2446 sum.
2211 2402 2225 2439 ε
2264 2403 2278 2440 :
2327 2358 2578 2441 [Ttinam

681 2541 691 2548 ,
1936 2486 2139 2543 quozus
2183 2487 2363 2529 661166

496 2631 499 2636 μ
557 2554 742 2615 Foras
792 2550 936 2636 (fori
979 2547 1062 2636 B)
1107 2574 1239 2615 sum
1286 2571 1546 2632 egressa.

416 2661 591 2738 Prior
635 2682 845 2724 versus
899 2682 1142 2726 mancus
1189 2667 1300 2726 661,
1388 2662 1573 2726 Varia
1616 2663 1733 2725 viri
1778 2664 1937 2724 docti
1983 2665 2383 2726 coniecerunt:
2447 2666 2576 2727 Rit-

238 2751 499 2811 schelius
545 2752 628 2811 in·
653 2753 911 2813 editione
958 2752 1221 2829 scripsit:

1284 2819 1537 2902 Utinam
1582 2833 1786 2916 quoi'us
1831 2847 2012 2903 661166
2056 2844 2217 2906 foras

557 2931 691 2992 Huc
735 2950 868 2991 sum
914 2949 1173 3008 egressa.

417 3018 655 3079 Brixius
703 3018 1218 3098 CFGMuellerum
1261 3013 1363 3099 (de
1407 3040 1565 3096 pros·
1611 3021 1806 3084 Plaut.
1850 3042 1909 3097 p.
1960 3016 2119 3101 184)
2167 3001 2433 3081 secutus:

1279 3104 1529 3187 Utinam
1575 3130 1747 3200 quoia
1790 3128 2026 3204 gratia

556 3214 747 3276 Foras
795 3233 927 3276 sum
973 3233 1232 3292 egressa.

242 3302 548 3378 Hauptius
592 3304 655 3362 in
701 3303 958 3363 Hermae
1004 3305 1120 3364 vol.
1165 3304 1227 3363 H
1273 3325 1329 3380 p.
1381 3306 1534 3366 148:

1284 3389 1539 3471 Utinam
1582 3414 1786 3485 quoius
1807 3397 1964 3473 'sum
2007 3413 2167 3473 foras

559 3498 757 3559 Causa
801 3518 1059 3575 egressa.

240 3588 505 3646 Maxime
551 3586 983 3648 OFGMuelleri
1027 3589 1282 3649 mutatio
1327 3588 1540 3668 placet.
1643 3627 1648 3633 -

329 3677 515 3736 Alter·
549 3678 716 3737 locus
763 3681 857 3737 est
900 3696 1109 3738 versus
1158 3675 1325 3765 Qapt.
1377 3673 1576 3739 1009:

561 3766 739 3827 Salve
767 3765 1049 3843 Tyndaro
1076 3789 1090 3826 z
1129 3789 1143 3825 ε
1177 3767 1259 3826 Ε1,
1282 3770 1353 3828 111
1381 3771 1586 3841 quoius
1611 3772 1793 3829 causa
1827 3769 1982 3830 hanc
2010 3787 2356 3831 aerumnam
2386 3771 2576 3849 exigo.

238 3852 362 3913 Pro
410 3855 706 3930 scriptura
750 3855 1039 3915 librorum
1084 3855 1324 3915 Brixius
1368 3856 1627 3917 fortasse
1673 3861 1836 3917 recte
1879 3862 2053 3933 quoia
2097 3862 2352 3937 scripsit.

419 3942 621 4004 Etiam
664 3945 1006 4023 fragmenta
1047 3937 1362 4021 poetarum
1405 3946 1771 4022 tragicorum
1808 3951 1870 4007 et
1904 3948 2276 4024 comicorum,
2323 3970 2575 4027 quorum

240 4031 502 4108 plurima
557 4032 757 4098 exitus.
804 4034 957 4093 sexti
1013 4035 1075 4093 et
1127 4034 1341 4108 prioris
1397 4036 1589 4110 partis
1637 4036 1877 4112 septimi
1922 4037 2101 4097 Urbis
2148 4040 2371 4098 saeculi
2416 4046 2574 4118 sunt,

241 4140 311 4179 eo
358 4125 626 4197 tempore
669 4122 895 4182 formas
937 4120 1259 4197 breviores,
1306 4142 1455 4199 quae
1493 4126 1691 4183 aetate
1726 4124 1929 4185 Plauti
1973 4127 2150 4202 paulo
2185 4130 2575 4190 antecedente

238 4210 498 4269 rariores
536 4229 714 4287 quam
750 4211 965 4287 plenae
990 4207 1253 4286 fuerant,
1288 4212 1410 4271 iam
1433 4207 1880 4288 percrebruisse
1904 4215 2253 4276 confirmare
2279 4217 2574 4280 videntur.

242 4315 394 4413 Cum
442 4315 598 4374 enim
652 4318 774 4378 dius
816 4319 989 4378 helius
1032 4318 1235 4391 quoius
1287 4320 1462 4379 trinis
1512 4319 1658 4380 locis
1705 4327 2043 4400 occurrant,
2111 4299 2232 4383 {aas
2276 4324 2572 4405 undecieS,

239 4423 415 4481 huius
457 4422 703 4500 septies,
747 4400 952 4498 ffls
995 4424 1285 4490 terdecies
1330 4426 1682 4488 invenimus
