3009 4767
1210 175 1558 259 '—-·26
1653 231 1734 240 ·-

346 361 474 420 489
524 359 803 435 Peip.-R.,
848 344 1016 419 iuius
1059 359 1214 419 Med.
1247 360 1392 434 732,
1435 344 1621 424 emtus
1664 360 1840 420 Here.
1867 360 1985 422 fur.
2019 363 2206 423 1273.
2253 361 2507 421 Phaedr.
2536 363 2686 423 488.

348 450 420 510 In
463 467 644 510 versu
691 448 1065 526 asclepiadeo
1113 449 1269 509 Med.
1318 451 1401 509 94
1463 452 1641 511 maius
1684 451 1882 524 facias¹
1895 452 2191 525 praenitet
2234 452 2525 519 ommibus,
2589 452 2684 511 cui

343 539 552 615 generi
614 537 869 599 Horatio
930 540 1259 614 praeeunte
1322 541 1535 614 poetae
1591 539 2004 600 Romanorum
2076 542 2421 602 constanter
2488 540 2719 601 basim'

350 628 730 704 spondiacam
775 627 1082 704 dederunt,
1128 628 1358 704 pariter
1393 630 1416 687 i
1451 628 1817 705 producitur,
1862 647 2057 705 neque
2102 627 2281 689 aliter
2323 628 2387 689 in
2432 629 2550 689 fine
2597 649 2686 690 se-

252 721 257 725 ’
345 717 501 777 narii
548 715 690 777 Oed.
740 719 866 778 326
913 719 1092 778 wnius
1135 720 1310 785 sacri,
1357 717 1493 779 Tro.
1543 720 1667 777 212
1716 720 1894 778 unius
1937 737 2145 796 maam3
2203 718 2477 794 quintum
2525 719 2684 778 enim

347 807 411 866 in
465 807 681 884 pedem
735 805 959 881 Seneca
1018 805 1286 870 iambum
1358 826 1478 868 non
1551 807 1833 888 admittit.
1932 807 2162 869 Eadem
2218 808 2282 867 in
2335 808 2680 868 condicione

344 899 440 956 est
485 897 621 956 Tro·
671 898 793 956 701
842 896 1065 957 nullius
1087 896 1292 971 pedes.

518 999 784 1063 Alterius
826 1002 1032 1079 igitur,
1079 1002 1236 1079 quod
1273 1003 1580 1063 Phaedrus
1627 1005 1690 1063 et
1724 1002 1946 1062 Seneca
1990 1003 2386 1078 retinuerunt,
2430 1021 2565 1063 cum
2612 1022 2681 1063 eo

342 1094 612 1169 tempore
656 1092 950 1153 usitatum
995 1092 1196 1167 fuerit,
1244 1109 1327 1154 ea'
1358 1092 1639 1169 prosodia
1684 1092 1809 1151 sine
1847 1091 2028 1152 dubio
2064 1093 2141 1153 ad
2178 1093 2487 1170 antiquam
2522 1096 2682 1153 aeta-

342 1183 465 1240 tem
521 1181 808 1242 ascendit.
900 1181 1098 1252 Quare
1151 1200 1273 1241 non
1325 1182 1540 1242 merito
1587 1200 1624 1240 a
1668 1181 1973 1241 veteribus
2017 1182 2213 1259 poetis
2259 1182 2543 1242 scaenicis
2589 1202 2682 1242 ex-

343 1270 655 1332 cluserunt
696 1272 758 1348 ii,
805 1271 908 1348 qui
952 1291 1061 1348 pro
1109 1277 1181 1330 ea
1225 1271 1478 1331 formam
1525 1272 1736 1331 altrius
1779 1271 2116 1346 ponendam
2162 1290 2293 1331 esse
2338 1275 2646 1349 putarunt.

520 1361 666 1437 Loci
712 1361 928 1437 quibus
975 1358 1224 1438 alterius
1269 1360 1527 1421 occurrit
1570 1358 1635 1419 hi
1679 1363 1848 1419 sunt:

435 1464 607 1544 Capt.
655 1470 802 1529 306.

660 1556 777 1628 Qui
822 1561 1116 1633 imperare
1162 1556 1505 1629 insueram5.
1539 1574 1695 1615 nunc
1739 1556 1979 1616 alterius
2022 1556 2273 1633 imperio
2319 1556 2634 1633 obsequor.

346 1646 477 1723 Ego
523 1646 850 1707 Ritschelio
897 1665 989 1722 op.
1017 1645 1077 1703 H
1118 1648 1243 1706 694
1291 1641 1539 1705 alterius
1582 1646 1694 1705 hoc
1738 1646 1867 1706 loco
1915 1646 2360 1712 sollicitandum
2396 1665 2516 1706 non
2552 1665 2685 1706 esse

344 1736 656 1796 assentior.
747 1719 989 1795 Albrius
1044 1734 1201 1810 quod
1248 1753 1284 1792 a
1328 1734 1656 1793 Bitschelio
1701 1754 1794 1812 op.
1840 1734 1871 1792 Ι
1918 1735 2066 1794 436.
2112 1734 2174 1793 II
2223 1737 2348 1795 673
2381 1756 2426 1795 s.
2471 1754 2684 1839 propo-

343 1826 526 1884 situm
547 1825 812 1885 ‚Brixius
858 1825 1101 1902 recepit,
1146 1825 1350 1899 potest
1393 1823 1633 1899 quidem
1677 1824 1891 1898 fuisse3
1939 1824 2044 1882 sed
2090 1843 2192 1883 cur
2241 1824 2421 1884 dubio
2468 1826 2685 1885 altrzus

342 1916 535 1974 multo
598 1914 818 1975 certius
878 1910 1122 1973 alte'ri'us
1179 1910 1651 1989 postponamus?
1755 1911 2036 1972 Ceterum
2093 1932 2169 1973 ne
2227 1915 2384 1973 alius
2443 1913 2683 1990 quidem

342 2006 548 2064 nostro
604 2004 733 2064 loco
789 2002 1173 2063 offensionem
1229 2001 1451 2061 habere
1505 2000 1869 2061 Ribbeckius
1926 2002 2124 2062 coroll.
2181 2002 2260 2063 ad
2305 1996 2481 2062 com.²
2524 2024 2581 2079 p.
2628 2003 2683 2061 X

347 2094 758 2242 prObaPariter
803 2182 875 2241 de
923 2169 1058 2241 assis
1107 2200 1342 2257 quoque
1387 2180 1661 2241 versibus
1706 2177 2091 2241 iudicandum
2137 2185 2256 2241 est:

432 2289 607 2349 Publ.
656 2288 786 2365 Syr.
838 2290 962 2348 297
1013 2280 1107 2348 ΒΡ.

661 2377 923 2437 Lucrum
970 2378 1098 2437 sine
1144 2377 1359 2438 damno
1407 2377 1648 2438 alterius
1690 2377 1821 2436 fieri
1864 2379 1984 2438 non
2027 2380 2248 2454 potest.

345 2462 713 2528 Ritschelius
758 2486 1000 2527 versum
1045 2467 1321 2543 genuinis
1351 2465 1488 2544 Syri
1533 2467 1597 2526 in
1644 2466 1955 2528 sententiis
2000 2486 2121 2527 non
2157 2467 2370 2543 habet3
2415 2486 2469 2526 v.
2499 2486 2592 2543 op.
2620 2466 2681 2525 II

350 2559 493 2618 666.
545 2558 691 2619 672.

350 2705 370 2727 .
436 2662 659 2724 Publil.
706 2662 839 2740 Syr.
887 2665 1012 2724 372
1062 2655 1178 2725 ΒΡ.
1537 2713 1541 2718 .

668 2752 1135 2813 Miserrimumst
1178 2754 1429 2814 arbitrio
1478 2754 1718 2814 alterius
1763 2757 1981 2814 vivere.

344 2841 706 2902 Ribbeckius
762 2842 837 2901 ad
890 2843 930 2901 1.
977 2863 1123 2904 num
1181 2845 1336 2903 alius
1391 2842 1769 2903 scribendum
1817 2843 1897 2901 sit
1940 2843 2194 2902 dubitat.
2284 2842 2461 2904 Hunc
2504 2861 2681 2920 gene-

344 2932 537 2992 tivum
581 2931 753 2992 Publ.
803 2929 934 3008 Syr.
983 2933 1110 2991 150
1155 2924 1234 2990 Β2

662 3021 752 3078 Ex
797 3022 943 3082 vitio
991 3023 1231 3081 alterius
1276 3022 1513 3098 sapiens
1562 3020 1841 3083 emendat
1887 3040 2062 3080 suum

345 3109 706 3169 Ritschelius
753 3130 845 3185 op.
891 3110 951 3169 H
991 3112 1135 3170 667.
1177 3112 1302 3171 675
1351 3113 1412 3171 et
1457 3130 1594 3170 cum
1629 3110 1953 3176 Bitschelio
1990 3109 2353 3172 Ribbeckius
2392 3110 2454 3169 in
2490 3110 2684 3170 altera

345 3198 604 3259 editione
648 3199 866 3275 posuit,
914 3199 1020 3258 sed
1060 3198 1425 3260 Ritschelius
1469 3199 1601 3276 ipse
1646 3219 1739 3276 op.
1778 3199 1838 3257 H
1881 3201 2004 3260 697
2052 3218 2393 3259 mensuram
2439 3194 2683 3259 alterius

345 3287 606 3348 Publilio
649 3287 803 3364 Syro
849 3288 1128 3348 reddidit.

524 3376 598 3436 In
634 3377 909 3438 omnibus
937 3377 1185 3437 Publilii
1214 3375 1354 3454 Syri
1389 3377 1664 3437 versibus
1703 3395 1772 3436 eo
1807 3377 2005 3440 minus
2040 3377 2103 3436 in
2129 3395 2413 3437 mensura
2439 3373 2684 3440 alte'r‘ius

345 3466 762 3527 offendendum
823 3469 940 3544 est,
1005 3467 1164 3544 quod
1224 3465 1410 3543 Syrus
1471 3466 1739 3543 aequalis
1802 3465 2102 3527 Ciceronis
2164 3468 2319 3543 erat,
2385 3465 2681 3527 Ciceronis

343 3559 548 3616 autem
602 3558 871 3631 temporo
926 3575 1071 3616 usus
1129 3554 1461 3618 cotidianus
1509 3547 1690 3618 etiam
1736 3556 2165 3633 paenultimam
2211 3555 2477 3632 genetivi
2520 3557 2681 3632 illius

343 3644 719 3722 corripiebat.

519 3733 691 3804 Unus
736 3734 902 3795 locus
947 3736 1142 3798 restat
1184 3736 1313 3798 tam
1358 3737 1699 3812 corruptus,
1744 3737 1816 3795 ut
1857 3736 2130 3794 nostrum
2175 3734 2252 3794 ad
2296 3751 2473 3794 usum
2519 3734 2679 3795 adhi-

343 3824 488 3884 bere
530 3842 652 3896 non
694 3824 1017 3902 possimus:
1082 3885 1087 3890 ,

434 3929 611 3995 Truc.
655 3931 686 3991 I
736 3934 792 4007 1,
840 3933 944 3993 27.
1024 3931 1251 3993 Versus
1296 3931 1361 3996 in
1405 3929 1699 3992 Palatinis
1744 3932 1809 3990 et
1850 3930 1913 3989 in
1958 3929 2250 3992 Vaticano
2296 3931 2384 3991 sic
2426 3930 2679 4008 legiturz

666 4020 774 4081 Sin
810 4021 974 4082 alter
1017 4013 1227 4102 (aliter
1273 4014 1347 4102 O)
1392 4020 1574 4081 alteri
1616 4019 1819 4097 potius
1866 4023 1963 4079 est
2002 4019 2164 4080 idem
2208 4020 2385 4096 perit.

345 4109 703 4188 Spengelius
749 4110 962 4171 edidit:
1986 4191 1990 4196 φ
2029 4125 2030 4128 ’

668 4198 774 4259 Sin
819 4200 973 4260 alter
1019 4200 1160 4259 altri
1204 4199 1400 4275 potior
1443 4200 1556 4272 est,
1601 4198 1810 4258 itidem
1852 4198 2025 4273 perit.

346 4289 490 4349 Alia
532 4288 937 4351 Buecheler-us
982 4289 1045 4349 in
1090 4287 1462 4350 Fleckeiseni
1507 4286 1747 4350 Annall.
1780 4288 1903 4348 105
1945 4278 2195 4369 (1872),
2243 4289 2369 4348 529
2418 4289 2482 4348 et
2527 4286 2681 4365 Gep-

344 4380 554 4455 pertus
576 4377 673 4440 rin·
705 4378 969 4446 editione
1010 4378 1407 4444 coniecerunt.
1480 4375 1842 4438 Ribbeckius
1887 4376 2088 4440 coroll.
2134 4376 2213 4442 ΒΔ
2258 4368 2433 4442 com.5²
2476 4398 2533 4454 p.
2556 4376 2611 4438 X
2631 4395 2680 4438 s.
