3009 4767
1762 168 2282 231 UNJVERSWY

1744 311 1759 324 ⁸
1786 267 2218 382 κζ’,ῤωῖἶϊεῑὶἵῗ
2261 333 2266 340 ’

1913 377 2142 392 “··-ι-.-......-<-ο’
2149 375 2157 380 “

1219 254 1656 322 ...29-

1085 504 1329 573 PARS
1388 505 1802 573 ALTERA.

363 636 453 701 De
497 635 820 718 genetivis
863 634 932 700 in
978 634 1095 699 ius
1142 632 1607 707 desinentibus,
1657 631 1768 714 qui
1815 631 1965 697 ante
2009 629 2520 696 terminationem

1140 738 1432 806 vocalem
1477 738 1735 807 habent.

452 908 600 968 Tres
647 907 957 984 genetivos
1014 908 1137 966 eius
1179 907 1354 965 huius
1407 907 1613 980 quoius
1665 907 1983 982 propterea
2034 924 2157 965 una
2199 905 2612 985 tractabimus,

280 999 434 1077 quod
478 998 553 1057 iis
601 997 782 1073 stirps
827 998 891 1055 in
935 996 1202 1057 vocalem
1248 995 1523 1054 desinens
1563 1013 1811 1071 eamque
1850 1014 2094 1055 servans
2132 994 2458 1055 communis
2499 999 2610 1055 est.

281 1088 408 1159 Quo
461 1087 690 1146 factum
744 1089 860 1160 est,
929 1088 1002 1145 ut
1053 1085 1258 1145 littera
1301 1088 1325 1143 i
1379 1084 1713 1144 accedentis
1759 1084 2197 1144 terminationis
2243 1087 2337 1144 ius
2381 1083 2446 1142 in
2490 1085 2614 1144 vim
2675 1113 2684 1124 ·

279 1176 654 1237 consonantis
700 1175 916 1234 abierit
961 1177 1023 1233 et
1066 1174 1329 1250 genetivi
1375 1173 1467 1232 illi
1512 1173 1628 1249 ipsi
1673 1174 1926 1233 formam
1972 1173 2333 1251 disyllabam
2377 1193 2611 1233 mensu-

278 1253 524 1341 r'amque
571 1265 929 1324 trochaicam
975 1263 1137 1322 nacti
1183 1262 1321 1322 sint.
1354 1289 1363 1302 .

455 1354 765 1430 Scriptura
818 1356 1052 1427 quoia&
1117 1370 1251 1411 cnm
1305 1353 1541 1412 veteres
1598 1352 1997 1411 Romanorum
2049 1356 2258 1428 poetas
2316 1354 2613 1413 scaenicos

281 1466 411 1505 eam
465 1444 718 1503 formam
769 1442 942 1501 unice
996 1441 1058 1499 in
1111 1460 1226 1501 usu
1280 1440 1588 1514 habuisse,
1644 1444 1808 1501 cuius
1861 1445 2064 1500 autem
2110 1442 2328 1501 aetatis
2375 1442 2614 1502 demum

280 1533 577 1594 inferioris
639 1551 769 1591 esse
830 1532 1088 1604 constet,
1155 1550 1264 1606 ego
1324 1531 1433 1589 hac
1486 1529 1550 1589 in
1605 1530 2008 1613 disputatione
2062 1533 2408 1592 constanter
2460 1536 2616 1596 utar.

280 1622 744 1682 Ambrosianum
799 1620 1039 1696 quidem
1093 1619 1353 1679 codicem
1405 1619 1753 1678 Plautinum
1809 1622 1911 1696 qui
1968 1620 2209 1697 scripsit
2252 1621 2372 1679 iam
2417 1640 2617 1681 recen-

281 1713 496 1772 tiorem
550 1712 804 1770 formam
859 1712 1024 1768 cuius
1075 1708 1368 1784 praefert,
1429 1708 1535 1768 sed
1588 1709 1794 1769 multis
1843 1701 1995 1768 locis
2042 1710 2242 1768 Vetus,
2290 1708 2618 1770 Camerarii
2722 1755 2724 1758 ψ

220 1800 241 1817 ’
281 1802 452 1880 liber,
498 1819 674 1876 quem
720 1798 944 1858 talibus
990 1798 1055 1855 in
1098 1798 1278 1857 rebus
1324 1798 1647 1857 vetustatis
1696 1799 1951 1875 speciem
1994 1800 2186 1858 multo
2232 1798 2455 1859 maiore
2500 1799 2617 1859 fide

283 1909 461 1967 quam
489 1888 957 1968 Ambrosianum
994 1905 1268 1947 servasse
1303 1889 1515 1946 notum
1552 1889 1664 1961 est,
1708 1887 2009 1947 interdum
2046 1889 2228 1947 etiam
2256 1888 2619 1948 Decurtatus

284 1980 591 2055 antiquam
646 1978 898 2036 formam
953 1978 1157 2049 quoius
1210 1975 1604 2036 retinuerunt.
1694 1976 1968 2053 Exempli
2022 1978 2223 2054 gratia
2274 1977 2435 2036 locos
2490 1978 2619 2036 Tri—

282 2068 508 2127 nummi
563 2067 679 2125 huc
734 2066 1108 2142 pertinentes
1163 2065 1372 2124 affero:
1431 2066 1579 2142 Arg.
1628 2067 1665 2124 9
1715 2069 1881 2125 cuius
1935 2064 1982 2125 C
2027 2084 2137 2140 quo
2189 2069 2285 2126 ius
2338 2067 2417 2144 B3
2488 2068 2612 2127 501

285 2161 449 2217 cuius
482 2158 639 2215 modi
665 2156 720 2213 A
758 2158 962 2229 quoius
996 2155 1152 2213 modi
1186 2152 1324 2228 1303
1374 2156 1498 2213 533
1542 2157 1707 2214 citius
1733 2156 1789 2213 A
1816 2173 1926 2229 quo
1954 2158 2048 2214 ius
2075 2156 2136 2214 Β·
2154 2159 2360 2229 quowis
2385 2156 2483 2217 vel
2511 2175 2621 2229 quo

284 2249 378 2306 uis
415 2245 551 2322 OD3
592 2246 719 2304 534
759 2247 952 2303 cuium
987 2243 1043 2303 A
1080 2246 1313 2317 quoium
1349 2243 1400 2300 B
1439 2245 1596 2303 ciui&
1634 2243 1707 2320 03
1756 2246 1882 2304 536
1922 2248 2086 2304 caius
2114 2244 2227 2303 AC
2266 2263 2374 2319 quo
2409 2248 2504 2304 ius
2540 2245 2619 2322 B3

289 2337 389 2395 sed
434 2357 490 2396 v.
523 2335 649 2394 358
699 2352 902 2393 omnes
947 2333 1091 2391 libri
1136 2335 1300 2391 cuius
1345 2332 1644 2392 exhibent.
1717 2333 1957 2393 Pariter
2000 2333 2134 2393 aliis
2172 2334 2235 2393 in
2270 2334 2477 2394 formis
2506 2334 2620 2394 AC

290 2425 677 2485 recentiorem
726 2423 1084 2498 scripturam
1128 2421 1445 2497 praebent,
1492 2421 1889 2498 antiquiorem
1934 2423 2011 2482 B:
2087 2422 2248 2482 Trin.
2300 2427 2331 2481 1
2346 2426 2468 2483 126
2528 2425 2623 2482 cui

286 2512 400 2572 AO
446 2516 581 2586 quoi
625 2512 702 2588 B3
759 2511 864 2570 sed
910 2531 963 2571 v.
1011 2513 1095 2569 45
1144 2513 1309 2583 quia,
1354 2528 1390 2584 q
1434 2510 1641 2570 littera
1685 2531 1793 2587 pro
1844 2530 1875 2571 c
1917 2512 2143 2593 posita,
2188 2514 2271 2585 A,
2317 2516 2450 2572 cuia
2494 2512 2623 2572 BC.

287 2603 452 2661 Inter
489 2601 755 2661 Terentii
798 2601 985 2659 libros
1011 2600 1235 2658 'nullus
1281 2618 1356 2658 ne
1393 2599 1719 2660 Bembinus
1767 2601 2002 2676 quidem
2049 2604 2168 2674 est,
2214 2602 2318 2677 qui
2361 2601 2459 2662 vel
2502 2620 2622 2660 uno

287 2692 414 2751 loco
459 2691 715 2752 formam
761 2692 965 2763 quoius
1011 2688 1357 2749 servaverit.
1448 2689 1652 2748 Etiam
1705 2690 1899 2750 forma
1945 2680 2179 2767 duplice*
2224 2694 2248 2749 i
2293 2690 2517 2767 scripta
2560 2691 2625 2749 in

287 2779 458 2839 libris
528 2783 826 2854 superest:
890 2777 1041 2838 nihil
1105 2777 1263 2836 enim
1326 2777 1490 2837 aliud
1552 2778 1670 2837 nisi
1733 2782 1921 2839 cuiius
1984 2798 2114 2839 esse
2176 2782 2403 2856 potest,
2466 2780 2626 2856 quod

292 2869 466 2929 Most.
533 2870 699 2927 1067
768 2866 1200 2927 Ambrosianus
1265 2859 1394 2925 ΟΠ·
1416 2866 1541 2926 ·US
1603 2868 1869 2943 praebet.
1967 2869 2082 2928 Est
2145 2869 2362 2944 duplex
2422 2869 2532 2928 illa
2581 2872 2624 2936 ὁ,

295 2975 444 3032 quae
508 2957 686 3016 etiam
744 2956 1042 3015 Ciceronis
1104 2960 1374 3030 tempore
1436 2956 1597 3014 inter
1659 2956 1805 3018 duas
1864 2958 2123 3032 vocales,
2190 2957 2295 3016 ubi
2347 2961 2372 3017 i
2424 2976 2654 3030 conso<

293 3046 490 3105 nantis
536 3046 658 3106 vim
703 3045 990 3121 habebat,
1038 3045 1427 3105 scribebatur.
1517 3045 1755 3104 Pariter
1798 3048 2112 3122 genetivus
2156 3047 2525 3123 pronominis
2572 3051 2627 3106 is

291 3136 354 3193 in
398 3136 597 3195 codice
642 3135 697 3192 A
743 3134 1047 3211 geminata
1089 3136 1113 3193 i
1158 3133 1416 3209 scriptus
1462 3133 1782 3195 invenitur.
1873 3136 2128 3195 EIIUS
2176 3135 2339 3195 Trin.
2386 3138 2518 3197 430
2563 3138 2625 3194 in

292 3224 347 3281 A
392 3228 503 3298 est,
549 3224 752 3296 versui
799 3225 924 3283 957
971 3222 1378 3285 Mostellariae
1406 3222 1851 3285 Studemundus
1887 3225 1952 3284 in
1978 3224 2348 3285 Fleckeiseni
2384 3225 2625 3284 Annall.

296 3310 375 3373 93
423 3305 657 3393 (1868)
703 3332 758 3389 p.
807 3315 888 3373 55
936 3312 1215 3373 vindicat.

293 3526 339 3586 Ι.
412 3524 687 3595 Quibus
742 3525 924 3585 locis
972 3515 1293 3601 ‘quoius'
1340 3524 1726 3602 genetivus
1780 3528 2231 3604 pronominis
2279 3522 2464 3606 ‘qui'
2510 3530 2628 3592 vel

375 3609 622 3694 ‘quis',
667 3615 1072 3692 quibusque
1125 3615 1600 3675 masculinum
1646 3617 2093 3691 pronominis
2138 3619 2547 3695 possessivi

668 3697 957 3781 ‘quoius
1007 3722 1043 3762 a
1087 3697 1232 3762 um'
1281 3706 1381 3763 sit
1427 3704 1761 3780 quaestio
1807 3706 2254 3767 instituitur.

469 3828 827 3906 Priusquam
873 3829 947 3887 ad
993 3828 1152 3888 locos
1198 3828 1415 3904 quibus
1460 3828 1727 3905 genetivi
1751 3845 1754 3846 ’
1779 3832 1903 3890 eius
1945 3832 2119 3892 huius
2162 3834 2369 3907 quoius
2422 3836 2630 3893 extant

293 3917 723 3995 percensendus
771 3917 1139 3992 accedamus,
1185 3916 1456 3993 quaestio
1501 3917 1797 3993 quaedam
1834 3921 2199 3982 absolvenda
2236 3925 2355 3997 est,
2400 3922 2474 3982 de
2511 3941 2630 4000 qua

292 4008 409 4067 nisi
462 4010 644 4066 antea
698 4007 1111 4084 statuerimus,
1173 4005 1234 4065 in
1291 4006 1555 4083 genetivi
1607 4011 1811 4081 quoius
1864 4009 2118 4069 formam
2174 4014 2250 4070 et·
2288 4030 2630 4071 mensuram

296 4095 735 4173 inquirentibus
791 4094 1196 4155 dubitationes
1251 4094 1426 4156 nobis
1482 4095 1626 4171 quin
1681 4101 1996 4159 occurrant
2048 4099 2178 4159 fieri
2231 4119 2351 4159 non
2409 4103 2627 4176 potest.

297 4185 521 4245 Notum
577 4184 737 4244 enim
792 4189 905 4259 est,
962 4189 1033 4245 ut
1077 4203 1115 4243 a
1158 4185 1609 4261 pronominibus
1656 4189 2066 4262 personalibus
2113 4190 2453 4264 possessiva
2497 4208 2629 4265 pro-

298 4275 536 4334 nomina
580 4273 854 4333 derivata
899 4277 1053 4347 sunt,
1103 4274 1187 4333 sic
1232 4275 1413 4334 etiam
1457 4293 1780 4350 pronomen
1825 4278 2146 4338 relativum
2182 4282 2281 4351 qui
2315 4280 2412 4339 vel
2448 4279 2630 4338 inter-

299 4364 637 4440 rogativum
682 4364 812 4435 quis
853 4362 1259 4440 possessivum
1298 4382 1472 4422 suum
1511 4367 1676 4425 cuius
1703 4384 1743 4425 a
1766 4383 1869 4424 wm
1898 4360 2129 4445 (quoivs
2156 4387 2198 4426 a
2220 4361 2349 4448 um)
2392 4369 2628 4429 habere.

301 4449 483 4513 Cuius
528 4452 893 4528 pronominis
939 4452 1262 4529 possessivi
1298 4471 1433 4512 cum
1468 4471 1659 4529 genus
1696 4453 2046 4515 femininum
2084 4460 2219 4517 wia
2254 4461 2315 4517 et
2339 4460 2632 4516 neutrum
