3009 4767
1330 249 1769 315 -20-..

565 413 866 495 Disyllabi
953 417 1220 494 genetivi
1265 418 1428 476 certa
1474 417 1744 493 exempla
1788 416 2197 477 inveniuntur:
2231 465 2236 474 ‚

706 506 865 583 apud
909 506 1196 566 Plautum
1243 498 1410 588 (pag.
1460 498 1574 587 15)
1665 551 2210 568 ......
2305 510 2337 566 1
2351 510 2400 565 1ι

704 595 865 672 apud
912 596 1259 656 Terentium
1306 587 1470 675 (pag.
1520 599 1552 654 1
1565 586 1633 675 6)
1668 640 2210 657 ......
2349 596 2387 654 8

704 685 865 762 apud
909 684 1158 744 Accium
1206 677 1371 763 (pag.
1423 676 1534 765 16)
1556 728 2210 746 .......
2348 685 2385 743 3

1876 789 2118 850 Summa
2163 793 2257 852 est
2303 792 2406 849 22.

386 917 663 977 Addendi
719 920 860 977 sunt
912 916 1028 976 loci
1082 917 1299 993 quibus
1344 901 1539 977 forma
1583 915 1883 994 disyllaba
1927 916 2107 992 paulo
2154 915 2349 975 minus
2397 917 2562 975 certa
2608 918 2727 975 est:

705 1006 907 1065 Plauti
953 998 1125 1086 (Oist.
1172 1003 1259 1064 IV
1308 1009 1364 1080 2,
1417 1009 1560 1080 100,
1606 1024 1744 1082 pag.
1796 1000 1906 1085 17)
1988 1050 2004 1067 .
2096 1049 2109 1064 .
2202 1051 2215 1064 .
2306 1063 2311 1067 .
2355 1008 2385 1064 1

708 1094 974 1155 Terentii
1032 1087 1246 1175 (Andr.
1305 1098 1451 1155 810.
1512 1095 1657 1154 Hec.
1710 1095 1860 1171 prol.
1912 1097 2014 1155 33.
2074 1094 2217 1154 Hec.

819 1186 965 1258 589,
1012 1203 1149 1261 pag.
1201 1176 1312 1265 17)
1345 1228 2214 1246 .........
2353 1184 2389 1242 3

709 1273 878 1334 Accii
922 1292 1079 1335 vers,
1126 1276 1248 1334 201
1303 1265 1465 1354 (pag.
1517 1268 1629 1353 17)
1669 1317 2214 1335 ......
2354 1275 2387 1331 1
2501 1291 2506 1297 ·

1921 1378 2164 1438 Summa
2210 1381 2305 1439 est
2354 1380 2410 1437 5.

389 1503 605 1565 Omnia
650 1508 812 1565 certa
858 1497 1003 1587 (22)
1050 1508 1112 1564 et
1155 1505 1336 1582 paulo
1380 1505 1579 1565 minus
1625 1507 1791 1565 certa
1838 1495 1938 1585 (5)
1978 1504 2249 1581 exempla
2282 1504 2512 1563 formae
2549 1502 2733 1579 disyl-

389 1593 566 1654 labae
609 1614 857 1654 numero
904 1597 1045 1655 sunt
1092 1597 1193 1655 27.

563 1684 847 1744 Mensura
890 1669 1062 1743 illius
1107 1686 1282 1755 extat,
1313 1683 1512 1743 tribus
1557 1684 1720 1744 10018.

707 1773 974 1832 Plautini
1039 1776 1182 1832 sunt
1244 1765 1408 1854 (Cas.
1463 1773 1520 1831 V
1584 1776 1654 1848 4,
1722 1775 1822 1833 16.
1895 1773 2060 1834 Τ1111.
2119 1773 2263 1847 163,

813 1882 950 1939 pag.
1003 1856 1113 1942 17)
1160 1906 2236 1926 ...........
2358 1864 2394 1920 2

584 1946 588 1950 ’
708 1951 872 2010 Αο011
917 1944 1100 2032 (vers.
1151 1953 1300 2026 465,
1344 1970 1482 2028 pag.
1535 1943 1646 2031 17)
1690 1997 2128 2013 .....
2185 1961 2234 2009 ”.
2359 1955 2390 2009 1

707 2041 993 2101 Fortasse
1038 2041 1268 2100 accedit
1314 2040 1447 2100 Ter.
1483 2041 1626 2100 Hec.
1669 2042 1793 2100 232
1844 2033 2006 2123 (pag.
2050 2044 2126 2101 17
2161 2031 2236 2121 8.)
2360 2043 2392 2098 1

1925 2147 2169 2207 Summa
2216 2149 2311 2206 est
2354 2148 2414 2206 4.

571 2254 879 2312 Habemus
926 2253 1116 2329 igitur
1159 2239 1329 2313 illius
1419 2298 1856 2315 .....
1950 2257 2031 2315 35
2080 2255 2205 2315 fere
2249 2255 2395 2314 locis

819 2343 1073 2403 formam
1121 2343 1482 2420 disyllabam
1524 2388 1538 2402 .
1630 2386 1645 2404 .
1737 2389 1751 2404 .
1843 2389 1859 2405 .
1951 2346 2031 2403 25
2079 2346 2207 2405 fere
2243 2344 2398 2404 10018

816 2432 1070 2491 formam
1113 2417 1286 2492 illius
1409 2477 1424 2492 .
1516 2478 1530 2493 .
1603 2433 1799 2492 tribus
1845 2435 2205 2509 quattuorve
2250 2432 2416 2493 10018.

572 2539 805 2610 Quibus
852 2557 885 2597 e
921 2539 1184 2598 numeris
1220 2538 1633 2615 collegendum
1671 2542 1780 2614 est,
1825 2542 2091 2616 tempore
2123 2542 2396 2600 veterum
2422 2542 2734 2616 poetarum

370 2630 617 2707 ⁴formas
675 2628 1004 2704 disyllabas
1060 2628 1222 2687 haud
1277 2629 1468 2689 multo
1522 2629 1720 2689 minus
1768 2648 1948 2705 quam
1993 2630 2315 2705 genuinam
2358 2630 2519 2688 illius
2563 2647 2732 2687 usur-

392 2722 566 2796 patas
614 2736 773 2792 esse,
818 2736 954 2777 raro
1000 2720 1203 2777 autem
1249 2718 1503 2777 formam
1548 2703 1734 2778 {llius
1828 2717 2011 2778 Cuius
2056 2720 2286 2778 formae
2332 2717 2733 2794 exemplorum

393 2808 664 2885 paucitas
714 2807 766 2867 si
811 2808 903 2866 cui
950 2807 1104 2865 mira
1147 2806 1413 2882 videtur,
1468 2807 1522 2867 is
1568 2807 1631 2866 in
1674 2808 2022 2867 memoriam
2067 2808 2185 2867 sibi
2229 2810 2495 2884 revocet,
2538 2810 2732 2884 poste-

392 2898 549 2957 riore
594 2900 864 2974 tempore
911 2898 1115 2955 utrum
1161 2897 1462 2972 disyllaba
1504 2897 1701 2957 forma
1745 2915 1822 2955 an
1866 2889 2186 2974 trisyllaba
2227 2883 2399 2957 {mus
2441 2896 2636 2973 magis
2671 2896 2734 2954 in

394 3006 509 3046 11811
558 2986 852 3046 cotidiano
900 2985 1097 3059 fuerit,
1144 3005 1252 3045 nos
1296 2986 1473 3062 plane
1516 2987 1764 3045 nescire.
1854 2986 2013 3045 Nam
2059 2987 2216 3062 quod
2263 2984 2534 3046 Ciceroni
2578 2987 2737 3045 illius

393 3077 457 3133 in
503 3076 702 3136 verbis
747 3075 990 3133 Fannii:
1045 3074 1141 3141 Si,
1188 3075 1463 3149 Quirites,
1510 3078 1703 3135 minas
1743 3077 1909 3135 illius
1953 3077 2239 3135 creticum
2285 3094 2497 3134 sonare
2541 3075 2736 3135 visum

395 3168 505 3239 est,
554 3184 625 3223 ex
670 3183 741 3224 eo
785 3164 937 3224 nihil
984 3163 1147 3222 aliud
1192 3162 1309 3222 nisi
1345 3164 1497 3224 hane
1535 3184 1876 3226 mensuram
1913 3164 1975 3223 in
2011 3184 2126 3224 usu
2161 3163 2368 3241 fuisse,
2404 3182 2524 3223 non
2566 3182 2733 3239 prae·
2831 3182 2840 3190 ·

393 3253 655 3314 valuisse
701 3253 1030 3329 cogendum
1074 3255 1182 3312 est.

574 3341 777 3401 Unum
843 3342 1025 3401 etiam
1087 3344 1182 3400 est
1237 3342 1394 3417 quod
1457 3344 1900 3420 neglegendum
1954 3361 2072 3402 non
2126 3341 2380 3402 videtur.
2481 3341 2735 3401 Plautus

393 3417 563 3491 illius
616 3432 832 3507 viginti
887 3435 1143 3508 septem,
1199 3429 1516 3503 Terentius
1571 3433 1769 3492 tribus
1822 3432 1968 3493 locis
2015 3432 2355 3509 usurpavit,
2408 3431 2736 3490 formarum

396 3523 600 3580 autem
637 3520 1069 3597 disyllabarum
1097 3519 1351 3579 Plautus
1389 3521 1678 3595 undecim,
1717 3541 1852 3579 cum
1888 3541 2005 3598 uno
2041 3521 2239 3581 minus
2276 3523 2439 3581 certo
2469 3521 2736 3597 exemplo

398 3610 724 3684 duodecim,
755 3609 1073 3669 Terentius
1113 3610 1263 3689 octo,
1300 3628 1435 3668 cum
1469 3611 1668 3669 minus
1706 3611 1896 3677 certis,
1920 3610 2194 3670 undecim
2232 3611 2502 3687 exempla
2535 3610 2736 3669 habet.

398 3700 557 3775 Ergo
595 3699 849 3758 Plautus
895 3699 1156 3774 genuina
1199 3698 1392 3760 forma
1436 3702 1499 3757 et
1544 3704 1825 3760 mensura
1868 3685 2053 3776 illius,
2101 3699 2417 3759 Terentius
2465 3700 2738 3760 breviore

397 3789 589 3848 forma
644 3789 781 3864 plus
829 3786 1073 3847 dimidio
1120 3788 1312 3865 magis
1359 3806 1542 3864 quam
1585 3790 1779 3849 altera
1823 3808 1968 3849 usus
2016 3792 2125 3849 est.
2218 3787 2382 3859 Quae
2428 3808 2527 3849 res
2574 3789 2736 3849 casui

396 3877 584 3937 tribui
645 3896 820 3953 posse
877 3876 1143 3936 videtur:
1211 3878 1314 3936 sed
1373 3877 1616 3938 minime
1675 3897 1903 3953 casum,
1968 3878 2075 3938 sed
2133 3881 2503 3938 constantem
2563 3897 2736 3937 usum

396 3966 458 4025 in
505 3984 576 4025 ea
619 3968 822 4027 valere
865 3965 1023 4024 infra
1066 3966 1418 4026 videbimus

573 4071 644 4132 B.
738 4072 978 4147 Istaus)
1026 4070 1195 4148 (isti),
1240 4049 1425 4134 stiffi.
2821 4143 2824 4146 ,

578 4158 992 4221 certissimum
1036 4162 1298 4239 genetivi
1334 4165 1433 4222 isti
1470 4163 1808 4239 exemplum
1843 4163 1906 4221 in
1941 4181 2121 4223 versu
2152 4162 2391 4234 Trucul.
2420 4159 2476 4219 V
2504 4164 2587 4223 38
2618 4165 2735 4223 est:

680 4248 812 4328 Qui,
839 4252 1084 4329 malum,
1111 4252 1275 4310 bella
1301 4255 1410 4310 aut
1434 4252 1696 4326 faceta'S,
1726 4258 1877 4327 quae
1904 4270 2068 4312 ames
2096 4254 2395 4313 hominem
2421 4255 2525 4313 isti
2544 4254 2739 4313 modi?

398 4341 497 4399 isti
548 4340 705 4399 ‘modi
751 4338 848 4399 BC
861 4387 875 4414 ,
930 4342 1183 4400 istimodi
1227 4340 1300 4399 D.
1390 4340 1641 4399 Accedit
1696 4343 1853 4416 quod
1900 4342 2398 4402 consociationem
2441 4344 2540 4402 isti
2583 4344 2738 4402 modi

397 4447 516 4487 non
571 4430 759 4489 solum
820 4429 1032 4489 similis
1087 4432 1177 4489 illi
1227 4430 1383 4489 modi
1429 4429 1720 4507 defendit,
1777 4430 1882 4490 sed
1929 4430 2109 4490 etiam
2153 4434 2311 4492 teste
2356 4431 2662 4492 Prisciano
2708 4431 2737 4489 I
