3009 4767
1323 179 1763 244 ..24-

368 353 481 410 est.
590 347 757 420 Quae
811 348 1005 406 forma
1059 346 1245 406 Haut.
1296 348 1420 406 129
1481 346 1774 423 dactylico
1831 346 1989 423 quod
2043 346 2108 405 in
2162 346 2331 407 libris
2386 349 2481 407 est
2532 348 2719 407 solius

369 440 550 517 longe
595 438 896 515 praestat:

687 523 937 601 Soliaos)
988 524 1228 585 solliciti
1275 526 1396 584 sint
1441 543 1648 598 causa,
1694 527 1764 584 ut
1801 544 1885 584 00
1931 544 2114 584 unum
2161 525 2455 600 expleant.

549 617 659 676 III.
739 616 867 676 Tota·
894 614 1263 690 Priscianus
1318 614 1349 672 Ι
1397 615 1545 673 227.
1603 616 1729 674 266
1777 614 1852 674 H.
1918 613 2262 738 Afranium
2299 614 2363 673 in
2424 613 2718 692 Suspecta

376 698 458 788 (v.
509 708 635 766 325
682 697 793 786 R2)
833 704 1054 764 dixisse
1098 702 1310 763 tradit:

691 794 860 854 Adeo
907 796 978 853 111
1022 796 1084 853 10
1131 792 1318 853 satias
1364 794 1607 869 caperet
1652 795 1752 853 toti
1794 793 2075 854 familiae.

548 884 655 945 IV.
738 884 870 944 Ulli
912 883 977 941 in
1021 901 1198 942 versu
1247 882 1488 946 Trucul.
1532 882 1595 940 ΙΙ
1635 884 1691 959 2,
1729 884 1812 942 38
1861 886 1925 942 01
1968 881 2310 942 testimonio
2355 881 2646 943 Prisciani
2683 884 2718 942 I

381 977 527 1035 228.
578 976 703 1035 266
752 972 828 1032 Η.
877 975 938 1032 01
982 971 1274 1031 librorum
1321 972 1620 1048 scriptura
1665 971 2075 1043 confirmatur:
2775 971 2782 978 '

695 1062 824 1120 Tuo
869 1064 1231 1138 potestatem
1277 1061 1489 1121 coloris
1535 1062 1644 1120 alli
1689 1061 1959 1137 capiendi
2003 1062 2182 1120 mala.

551 1153 624 1211 V.
701 1150 904 1210 Etiam
949 1150 1293 1227 genetivum
1337 1152 1444 1210 uni
1487 1149 1829 1210 Priscianus
1875 1150 1906 1208 Ι
1946 1153 2093 1211 227.
2143 1152 2268 1210 266
2308 1151 2385 1212 Η.
2433 1153 2718 1213 servavit.

377 1243 809 1320 Fragmentum
857 1240 1013 1299 enim
1059 1259 1132 1300 ex
1175 1239 1442 1300 Barbato
1490 1239 1699 1298 Titinii
1744 1231 1828 1319 (v.
1879 1242 1915 1299 6
1948 1258 1992 1299 S.
2037 1230 2164 1320 R2.)
2214 1241 2414 1301 affert:

691 1348 729 1376 υ
753 1341 788 1375 L
816 1347 855 1375 υ
879 1366 915 1376 -
940 1347 978 1375 υ
1004 1342 1039 1374 Δ
1065 1346 1103 1374 υ
1129 1366 1164 1375 -
1201 1329 1361 1406 quod
1406 1328 1649 1405 quidem
1692 1330 1794 1405 pol
1837 1328 2053 1390 mulier
2097 1329 2256 1389 dicet

692 1419 966 1495 Namque
1011 1420 1119 1479 cmi
1163 1419 1377 1496 collegi
1423 1437 1648 1478 sumus.

375 1509 627 1571 Accedit
669 1528 880 1570 versus
927 1507 1118 1568 Stichi
1149 1510 1295 1585 729,
1342 1526 1522 1584 quem
1565 1507 1761 1567 locum
1799 1507 2102 1567 Usenerus
2148 1508 2298 1567 mibi
2333 1508 2617 1569 indicavit
2636 1502 2715 1591 ¹):

692 1597 822 1658 Ηόο
857 1596 1327 1658 memorabilest:
1366 1616 1479 1673 ego
1507 1599 1577 1657 tu
1606 1615 1757 1671 sum,
1794 1598 1913 1656 tti's
1950 1616 2088 1674 ego:
2124 1599 2232 1656 umi
2267 1599 2449 1657 animi
2487 1617 2715 1659 sumus,

375 1690 482 1749 emi
536 1690 722 1748 animi
776 1687 828 1746 B
842 1686 980 1764 0133
1051 1688 1321 1746 unanimi
1373 1703 1493 1747 non
1549 1689 1710 1746 recte
1766 1686 2129 1746 Bitschelius
2184 1689 2245 1746 et
2291 1686 2716 1749 Fleckeisenus

376 1777 657 1854 vestigiis
698 1776 1039 1853 primitivae
1086 1775 1360 1836 dictionis
1407 1775 1793 1871 oblitteratis.

552 1867 766 1926 Eidem
812 1866 1040 1925 formae
1086 1865 1271 1924 Haut.
1320 1866 1475 1925 205.

702 1955 828 2015 Um‘
865 1954 1028 2014 modi
1073 1957 1214 2013 sunt
1257 1955 1470 2014 ferme:
1517 1955 1699 2030 paulo
1746 1953 1850 2029 qui
1898 1955 1992 2014 081
2034 1955 2209 2013 homo
2256 1953 2609 2028 tolerabilia

375 2047 439 2106 in
485 2044 874 2106 similitudine
919 2043 1423 2104 consociationum
1467 2045 1558 2104 illi
1600 2045 1783 2111 modi,
1828 2046 1928 2104 isti
1968 2045 2123 2104 ‘modi
2166 2044 2450 2103 eximium
2493 2045 2717 2120 praesi-

378 2136 541 2196 dium
585 2134 850 2211 positum
895 2136 1047 2194 081.
1064 2133 1165 2191 Ιο
1210 2133 1382 2193 libris
1426 2151 1606 2193 maus
1647 2134 1804 2193 modi
1847 2135 1956 2193 est.

555 2224 628 2282 In
671 2242 850 2283 versu
888 2222 1144 2298 Turpilii
1181 2214 1295 2304 (99
1334 2214 1441 2302 ΒΡ)
1488 2223 1649 2298 apud
1685 2222 1948 2281 Nonium
1985 2224 2132 2298 256,
2174 2226 2250 2282 21
2301 2171 2504 2283 utrum
2538 2219 2721 2284 άωῖάε

379 2333 457 2373 00
500 2315 609 2373 uni
651 2310 974 2388 legendum
1021 2312 1102 2370 sit
1146 2311 1394 2372 dubium
1440 2314 1556 2372 est:

698 2400 1044 2476 Numquam
1088 2401 1267 2461 unius
1310 2420 1407 2461 me
1454 2401 1794 2477 comparavi
1842 2400 2065 2461 servire
2111 2401 2478 2477 eligantiam.

382 2490 478 2551 Sic
522 2490 888 2550 Ribbeckius
935 2490 1190 2567 scripsit.
1223 2493 1227 2497 ’
1272 2489 1362 2550 De
1408 2509 1691 2550 mensura
1734 2487 1916 2550 zin‘ius
1959 2492 2188 2549 certum
2235 2490 2590 2561 Quintiliani
2636 2495 2720 2552 te-

383 2580 734 2640 stimonium
800 2582 982 2639 extat.
1090 2580 1152 2640 Is
1219 2579 1377 2640 enim
1439 2581 1469 2640 I
1518 2581 1585 2653 5,
1637 2582 1716 2640 17
1781 2579 2019 2639 10111010
2084 2599 2294 2641 versus
2360 2581 2510 2641 Aen.
2557 2582 2588 2641 I
2635 2583 2713 2642 41

390 2671 581 2731 Unius
634 2671 702 2729 ob
757 2688 972 2729 noxam
1026 2674 1078 2730 et
1129 2671 1324 2743 simias
1369 2668 1603 2741 (Aiacis
1651 2666 1794 2771 Oilssi)
1849 2670 2105 2730 afferens
2158 2667 2339 2732 unius
2385 2676 2551 2731 extra
2594 2690 2719 2731 car-

384 2778 533 2827 men,
579 2758 792 2836 inquit,
837 2778 956 2818 non
1001 2760 1417 2834 deprehendas,
1462 2759 1527 2817 10
1572 2758 1831 2818 carmine
1876 2758 2093 2819 vitium
2136 2778 2255 2820 non
2299 2779 2432 2820 esse
2479 2761 2719 2821 addens,

384 2848 739 2920 Quintiliani
783 2848 972 2924 igitur
1005 2851 1203 2923 aetas,
1251 2868 1384 2908 cum
1415 2847 1715 2907 Ciceronis
1762 2851 2029 2952 tempore
2074 2849 2235 2909 illius
2281 2850 2462 2912 etiam
2496 2850 2561 2908 in
2595 2850 2723 2909 vita

382 2937 680 2998 cotidiana
723 2941 1000 3015 correpta
1044 2938 1241 2998 media
1289 2938 1527 3014 syllaba
1551 2923 2066 3015 pronuntiaretur,
2109 2937 2231 2996 iam
2259 2939 2335 2997 ad
2363 2939 2723 2998 severiorem

381 3047 558 3088 usum
613 3026 891 3086 redierat.
983 3026 1253 3102 Turpilio
1297 3046 1441 3087 vero
1485 3027 1548 3085 in
1592 3027 1916 3087 octonario
1937 3026 2043 3086 illo
2087 3026 2339 3086 iambico
2383 3026 2721 3103 prosodiam

381 3113 562 3176 άηῖαε
620 3114 936 3192 quominus
992 3116 1329 3175 tribuamus
1383 3116 1534 3175 nihil
1579 3119 1672 3177 est
1717 3116 1874 3193 quod
1918 3116 2137 3175 obstet.
2227 3116 2438 3175 Potest
2481 3115 2721 3192 quidem

380 3224 592 3266 versus
641 3204 899 3281 Turpilii
944 3205 1126 3264 etiam
1169 3205 1382 3264 fuisse:

702 3294 1047 3370 Numquam
1091 3291 1324 3368 mzffus)
1369 3314 1467 3354 me
1500 3294 1853 3369 comparavi
1899 3294 2124 3355 servire
2171 3294 2540 3371 eligantiam,

382 3387 492 3443 aut
535 3402 672 3443 cum
717 3383 1042 3444 Bernensis
1090 3387 1152 3443 et
1195 3381 1779 3459 Montispessu'lanus
1826 3383 2007 3443 Nonii
2054 3379 2140 3465 (v.
2185 3383 2472 3444 Ribbeck.
2518 3385 2723 3445 coroll.

384 3473 460 3532 ad
505 3491 652 3533 com.
697 3493 754 3549 p.
800 3464 1081 3553 XXXVI)
1124 3473 1455 3549 praebeant
1496 3491 1816 3547 numquam
1859 3491 1949 3533 mc
1992 3475 2171 3533 umus
2215 3472 2399 3533 etiam
2446 3473 2754 3534 810;”

703 3561 1046 3638 Numquam
1090 3582 1186 3622 me
1230 3560 1463 3636 zmiffls)
1511 3561 1851 3639 comparavi
1897 3562 2122 3622 servire
2168 3562 2537 3639 eligantiam.

561 3649 666 3710 Ἦ.
759 3648 1086 3713 Genetivus
1131 3655 1432 3726 utriusque
1476 3652 1663 3712 semel
1707 3654 1899 3713 extat:

474 3739 714 3801 Trucul.
757 3739 847 3798 IV
894 3742 950 3814 3,
1001 3744 1101 3802 20.

705 3827 1082 3892 Conveniunt
1126 3831 1320 3891 adhuc
1362 3832 1665 3905 utriusque
1708 3831 1935 3892 verba:
1966 3854 1979 3891 :
2010 3830 2139 3891 Vae
2184 3830 2404 3891 misero
2449 3832 2615 3891 mihi.

531 4020 582 4087 1)
618 4019 827 4075 Facere
862 4036 975 4074 non
1008 4036 1235 4089 possum
1271 4019 1406 4090 quin
1440 4019 1550 4075 hoc
1586 4019 1711 4075 loco
1747 4019 1816 4077 Η.
1846 4019 2109 4087 Usenero,
2145 4020 2268 4074 viro
2303 4017 2723 4088 humanissime,

386 4090 483 4160 qui
520 4090 659 4145 mihi
695 4092 832 4145 data
867 4090 1156 4147 occasione
1193 4092 1344 4147 haud
1381 4108 1589 4161 pauca,
1635 4108 1779 4160 quae
1823 4108 2063 4162 magnae
2110 4090 2336 4145 fuerunt
2369 4089 2501 4144 huic
2538 4089 2724 4159 dispu-

387 4161 590 4217 tationi
635 4161 874 4218 utilitati
922 4162 1158 4218 comiter
1205 4162 1616 4235 suppeditavit,
1664 4162 1883 4218 debitas
1919 4178 2086 4232 agam
2121 4161 2359 4232 gratias,
2405 4160 2725 4230 pariterque

387 4233 451 4288 Ο.
490 4233 829 4303 Ribbeckio,
885 4234 1004 4290 viro
1051 4234 1263 4306 optime
1308 4236 1378 4290 de
1425 4251 1515 4289 me
1562 4234 1786 4302 merito,
1845 4233 1999 4290 cuius
2045 4235 2111 4288 ut
2146 4234 2280 4288 olim
2312 4232 2724 4316 Heidelbergae

385 4304 668 4360 uberrima
711 4305 922 4361 fructus
967 4324 1090 4361 sum
1134 4306 1459 4378 disciplina,
1505 4306 1587 4362 sic
1633 4305 1807 4361 etiam
1850 4306 1959 4361 hac
2004 4304 2065 4360 in
2103 4321 2163 4360 re
2198 4303 2512 4374 benignam
2536 4303 2598 4361 in
2635 4321 2722 4359 me

387 4394 510 4433 sum
546 4378 806 4449 expertus
841 4377 1207 4436 voluntatem.
