3009 4767
358 393 571 440 vocum
616 374 713 434 ille
758 373 821 433 et
863 374 983 433 illic
1026 374 1288 448 priorem
1330 372 1632 449 syllabam
1676 370 1740 430 in
1785 371 1931 430 arsi
1950 370 2208 447 positam
2243 373 2698 449 producentium

365 463 584 524 inveni.
677 461 811 533 Qua
854 480 989 522 cum
1033 460 1421 521 multitudine
1455 461 1579 563 qui
1623 460 1989 537 paucitatem
2039 461 2208 521 illam
2247 462 2507 537 confert,
2559 481 2699 522 cum

360 554 468 612 uni
501 538 609 614 ‘ille
645 536 834 625 (ilvae)
869 552 999 612 fere
1033 554 1272 612 centum
1306 537 1416 611 vlle.
1448 536 1580 610 illic
1623 550 1880 625 obstent,
1926 550 2024 610 vel
2067 552 2332 612 maxime
2369 551 2698 614 cavendum

365 659 496 703 esse
553 641 845 718 censebit,
909 660 985 701 ne
1038 640 1325 700 Plautum
1377 639 1690 700 liberalius
1735 657 2015 700 mensura
2069 641 2167 700 ille
2220 643 2342 701 tllio
2393 641 2704 704 donemus.

361 731 611 792 Accedit
635 729 794 807 quod
820 729 1012 792 maior
1038 748 1177 806 pars
1223 729 1489 789 locorum
1537 747 1722 806 supra
1765 730 2248 789 enumeratorum
2295 732 2396 791 ille
2435 732 2535 791 vel
2581 732 2703 791 mio

368 822 431 880 in
485 820 658 880 initio
711 839 923 880 versus
982 819 1244 895 positum
1300 818 1512 895 habet3
1577 836 1729 895 quae
1787 837 1885 877 res
1943 818 2204 879 fortasse
2257 837 2399 879 excu
2407 820 2701 881 sationem

366 911 667 988 quandam
712 909 769 968 ei
811 927 1129 969 mensurae
1173 907 1425 984 praebet
1470 901 1554 987 (v.
1603 907 1874 968 Mueller.
1921 928 1977 983 p.
2026 900 2200 989 424).

542 998 825 1058 Mensura
879 1002 997 1059 tste‘
1035 998 1219 1057 etiam
1263 997 1454 1057 multo
1505 996 1789 1057 incertior
1835 999 1943 1057 est.
2035 996 2185 1056 Mihi
2230 998 2468 1073 quidem
2513 999 2701 1058 Muel-

363 1090 528 1149 lerus
574 1089 735 1149 locos
782 1105 819 1146 a
865 1106 930 1147 se
974 1089 1288 1164 congestos
1317 1079 1401 1165 (p.
1431 1088 1559 1146 362
1583 1078 1690 1167 ss.)
1736 1085 1955 1161 quibus
2002 1090 2108 1146 iste
2147 1086 2213 1145 in
2262 1086 2433 1148 libris
2478 1088 2703 1165 legitur

364 1178 516 1237 nihil
551 1176 805 1254 probare
840 1177 1142 1253 persuasit
1151 1179 1172 1253 ς’
1213 1195 1468 1252 quorum
1501 1175 1821 1235 nonnullos
1856 1174 1978 1235 iam
2005 1175 2371 1238 Ritschelius
2410 1179 2473 1237 et
2496 1177 2702 1238 Fleck-

366 1268 603 1328 eisenus
649 1266 714 1326 in
758 1265 1118 1326 editionibus
1164 1262 1479 1324 mutarunt
1496 1257 1567 1346 1),

542 1355 912 1415 Ρ61161331166
966 1355 1156 1431 igitur
1210 1354 1368 1431 apud
1423 1354 1707 1413 Plautum
1759 1353 2090 1431 pyrrhichii
2147 1356 2243 1415 ille
2297 1356 2394 1416 vel
2439 1356 2561 1415 illic
2603 1376 2699 1415 *ex-

365 1446 583 1521 empla,
629 1448 793 1508 certa
837 1446 1040 1504 autem
1077 1461 1393 1516 mensurae
1440 1448 1545 1506 {ste
1589 1443 1759 1503 nulla
1802 1443 2204 1508 inveniuntur.
2277 1442 2456 1521 Apud
2485 1444 2702 1505 Teren-

361 1536 517 1595 tium
572 1553 645 1594 66
702 1535 799 1593 ille
851 1534 950 1595 vel
1005 1535 1125 1593 illic
1181 1532 1419 1610 quidem
1472 1533 1652 1608 plane
1709 1535 1938 1592 certum
1992 1535 2174 1592 extat.
2266 1532 2421 1604 Quid
2474 1534 2704 1610 igitur?

365 1624 727 1684 Genetivum
774 1619 938 1683 &llius
983 1621 1200 1682 Plauto
1256 1621 1485 1697 decem,
1523 1611 1914 1698 'totidemque
1960 1622 2240 1683 Terentio
2286 1623 2431 1683 locis
2483 1656 2558 1664 -—-
2610 1626 2703 1683 tot

318 1783 333 1788 -
368 1713 526 1773 66116
572 1714 698 1774 fere
745 1716 888 1774 sunt
935 1742 1015 1753 -
1065 1708 1236 1771 istius
1280 1714 1482 1774 autem
1531 1710 1811 1771 Terentio
1847 1709 2096 1792 ⁴Phorm.
2141 1713 2272 1771 969
2320 1712 2587 1772 tribuere
2632 1712 2703 1772 li·
2751 1751 2758 1758 -

367 1802 568 1862 cebit‘?
660 1802 791 1878 Ego
839 1802 1080 1878 quidem
1124 1819 1241 1860 non
1285 1801 1504 1860 tribuo,
1578 1799 1792 1861 Nonne
1838 1800 1995 1859 enim
2041 1800 2278 1861 etiamsi
2321 1802 2703 1862 nominativis

365 1894 463 1951 ille
506 1893 627 1952 illic
670 1893 775 1951 iste
810 1890 1119 1950 licentiam
1164 1891 1336 1949 illam
1381 1889 1779 1966 indulgemuS,
1825 1890 2006 1949 aliam
2051 1890 2492 1967 genetivorum
2504 1891 2700 1951 condi-

363 1980 591 2041 cionem
648 1999 778 2040 esse
832 1978 1265 2040 iudicabimus?
1356 1976 1531 2052 Quos
1571 1978 1730 2058 ipsos
1786 1979 2093 2055 dactylum
2149 1982 2502 2058 aequanteS,
2567 2000 2700 2040 cum
2774 1999 2783 2007 ·

363 2071 610 2131 voculae
673 2069 815 2128 illae
878 2057 1215 2132 trochaicae
1279 2069 1375 2128 ille
1428 2069 1557 2127 illic
1617 2063 1723 2128 iste
1783 2067 1958 2127 facile
2019 2063 2136 2127 usu
2189 2071 2259 2128 ut
2319 2059 2701 2146 pyrrhichiae

363 2159 580 2219 fierent
623 2159 1053 2232 detererentur,
1098 2158 1289 2217 multo
1336 2157 1640 2218 difficilius
1687 2157 1764 2216 ad
1800 2176 2141 2217 mensuram
2179 2158 2471 2234 tribrachi
2506 2159 2702 2235 redigi

363 2249 632 2324 potuisse
676 2267 850 2308 nemo
897 2250 992 2307 est
1026 2248 1171 2324 quin
1208 2247 1443 2307 sentiat.
1528 2245 1739 2306 Certae
1784 2247 1973 2323 igitur
2017 2265 2233 2320 causae
2278 2251 2437 2326 sunt,
2463 2248 2701 2325 ‘quibus

364 2340 435 2397 ut
478 2336 774 2414 genetivis
823 2334 986 2397 illius
1022 2339 1085 2406 et
1120 2333 1291 2398 istius
1326 2336 1555 2395 aditum
1593 2336 1669 2395 ad
1705 2355 1916 2400 versus
1952 2339 2265 2413 poetarum
2293 2333 2703 2408 ‘scaenicorum

364 2427 819 2504 praecludamus
873 2445 1200 2487 monemur.
1291 2424 1409 2485 Sed
1458 2421 1580 2501 sac,
1630 2426 1858 2486 formae
1889 2425 2049 2485 illae
2098 2425 2504 2486 admittendae
2554 2426 2701 2487 sint:

362 2516 551 2576 nihilo
605 2516 801 2575 minus
828 2547 833 2552 -
856 2516 1045 2576 novae
1099 2515 1374 2575 oriuntur
1429 2514 1845 2596 difficultates,
1900 2533 2053 2591 quae
2106 2534 2262 2576 nova
2315 2534 2423 2580 nos
2478 2516 2703 2586 auxilia

363 2606 863 2688 circumspectare
917 2607 1154 2681 cogunt.
1249 2603 1518 2675 Quonam
1573 2602 1747 2664 modo
1803 2604 1912 2665 hos
1966 2601 2176 2665 versus
2231 2595 2515 2683 legendos
2572 2624 2703 2666 esse

363 2692 781 2756 censebimus?
836 2715 941 2752 -ε

453 2819 693 2881 Ρ116116.
741 2821 885 2880 648.

681 2908 767 2968 Ut
811 2908 889 2967 ad
932 2910 1125 2984 pauca
1167 2907 1410 2966 redeam
1455 2926 1526 2966 ac
1569 2908 1743 2967 mitto
1788 2908 1950 2968 ithus
1992 2865 2267 2983 ineptias

456 3016 622 3077 Accii
664 3036 721 3077 v.
756 3018 897 3076 136.

678 3119 714 3165 4
741 3123 778 3150 υ
802 3142 838 3150 -
864 3122 902 3150 υ
928 3106 1150 3182 quanto
1196 3104 1391 3180 magis
1435 3107 1498 3164 te
1543 3106 1712 3168 istius
1746 3104 1916 3164 modi
1962 3109 2090 3164 6336
2135 3105 2438 3183 intellego.
2475 3143 2479 3148 -

368 3231 434 3290 Si
477 3232 651 3290 illius
686 3233 763 3289 et
788 3234 958 3291 istius
1000 3229 1258 3306 metiri8‚
1321 3229 1611 3289 vocabula
1665 3229 1961 3305 dactylica
2003 3247 2187 3305 prave
2233 3229 2297 3288 in
2342 3230 2538 3289 media
2584 3233 2704 3309 syl-

364 3321 508 3380 laba
560 3322 884 3397 acuuntur3
948 3319 1001 3378 si
1056 3337 1397 3378 mensuram
1449 3314 1638 3378 illius*
1659 3321 1734 3378 et
1764 3315 1939 3379 istius
1980 3318 2260 3379 inducere
2305 3320 2423 3394 vie,
2487 3321 2704 3380 tribra-

330 3443 341 3456 ·
370 3410 672 3470 chicornm
707 3409 1136 3469 'vocabulorum
1171 3408 1387 3482 media,
1433 3407 1592 3484 quod
1620 3425 1718 3468 ars
1747 3411 2061 3484 poetarum
2085 3427 2204 3468 non
2230 3409 2429 3467 minus
2454 3410 2706 3486 respuit,=

369 3498 483 3559 sub
536 3499 662 3558 ictu
717 3498 977 3574 ponitur.
1076 3496 1168 3556 Ne
1221 3496 1286 3555 in
1338 3496 1450 3555 hac
1503 3497 1743 3573 quidem
1806 3515 2111 3557 mensura:
2176 3494 2338 3558 illius
2390 3494 2562 3558 istius
2614 3517 2704 3558 re·

369 3589 675 3665 quiescere
720 3590 919 3664 potes:
983 3605 1121 3645 nam
1177 3585 1437 3645 numeri·
1453 3581 1616 3646 illias
1656 3584 1666 3663 Ι
1705 3584 1957 3661 ineptias
2014 3588 2077 3645 et
2128 3581 2299 3647 ἶείίᾶε
2338 3585 2347 3662 Ι
2385 3582 2544 3647 mb‘dz·
2586 3587 2707 3648 e'ssc

370 3695 691 3737 anacruses
738 3678 1198 3752 anapaestorum
1243 3694 1524 3752 perverse
1569 3675 1925 3736 discindunt.
1997 3675 2241 3735 Minime
2278 3695 2418 3736 vero
2457 3670 2704 3753 ‘quanto

368 3769 565 3843 magis
618 3770 679 3825 te
734 3762 908 3827 &sads
960 3758 1152 3826 modi’
1206 3764 1520 3828 ferendum
1571 3767 1686 3848 est.
1792 3765 1979 3825 Plane
2008 3765 2302 3835 ‘eiusdem
2355 3766 2594 3842 generis
2639 3767 2705 3826 hi

370 3874 581 3918 versus
620 3858 792 3916 sunt:
866 3858 875 3866 ‘
930 3875 933 3880 ·
2391 3891 2397 3898 ·

550 4097 945 4167 1)Au1112
979 4103 1075 4154 85.

688 4182 1012 4257 1b01gi‚tur
1049 4159 1288 4258 11616116,
1325 4187 1597 4257 numquid
1634 4189 1723 4244 616
1760 4159 2418 4246 vis?:18tuc.Fiet.
2462 4188 2605 4242 vale.

368 4260 670 4315 Muellerus
714 4277 770 4330 p.
809 4266 912 4315 550
950 4230 1075 4315 adn.
1122 4259 1271 4314 hunc
1308 4275 1500 4314 versus
1536 4260 1704 4314 finem
1740 4259 2027 4329 proponit.
2075 4252 2266 4314 Istuc·
2296 4259 2393 4313 .Ῑ
2423 4261 2521 4326 (et)
2555 4259 2703 4316 vale.

368 4331 589 4387 Lenius
609 4332 787 4459 0⁸¹''ibo
821 4401 1015 4474 igitur,
1049 4403 1290 4474 parabo,
1312 4403 1599 4473 numquid
1634 4403 1725 4459 166
1761 4402 1925 4459 vis?=
1953 4401 2183 4460 ·Stuc=
2215 4394 2407 4472 :Fica
2443 4401 2585 4458 vale.
