3009 4767
1255 258 1694 324 „314-

1155 425 1343 503 Qwoia
1386 425 1482 485 hic
1526 444 1642 487 vox
1684 443 1870 503 prope
1914 428 2010 484 me
2057 420 2270 484 sonat?

630 539 645 578 :
684 540 698 577 ε
736 516 852 576 Tui
896 516 1319 577 benevolentis.
1803 535 1806 544 ¹

482 607 612 666 Iam
656 607 729 666 de
775 606 972 683 priore
1016 606 1259 664 illarum
1305 604 1730 682 quaestionum
1765 604 2091 665 videamus.
2157 604 2255 663 Ad
2290 621 2470 680 quam
2508 621 2642 663 cum
2763 605 2784 616 “

306 696 806 773 responderimus,
855 695 1033 755 simul
1079 694 1400 758 difficultas
1444 693 1553 753 illa
1598 712 1780 771 supra
1814 693 2091 769 indicata,
2138 710 2398 770 quanam
2429 693 2531 753 via
2566 694 2644 754 ad

300 786 795 863 cognoscendum,
838 788 1046 843 utrum
1088 786 1297 858 quoius
1331 783 1665 860 genetivus,
1710 786 1916 843 utrum
1952 782 2357 860 possessivum
2394 771 2478 842 sit
2509 801 2644 866 per-

308 875 511 936 venire
540 874 867 951 .possimus
881 920 895 947 ,
958 873 1086 933 fere
1142 876 1275 932 tota
1332 876 1566 933 remota
1624 872 1757 933 erit.
1846 872 2032 931 Aliud
2086 874 2287 931 autem
2345 890 2418 931 ea
2468 872 2532 931 in
2576 892 2643 932 re

308 964 597 1023 auxilium
641 981 760 1046 non
804 964 924 1040 est,
970 962 1086 1022 nisi
1133 962 1290 1038 quod
1336 962 1608 1038 exempla
1652 961 2004 1021 femininum
2049 964 2224 1036 quoia
2269 961 2645 1022 ostendentia

307 1053 611 1129 praebent.
710 1052 780 1111 Id
838 1052 995 1111 enim
1050 1053 1128 1111 ad
1184 1050 1565 1111 substantiva
1619 1052 1911 1130 quaedam
1966 1051 2273 1127 pertinens
2327 1053 2456 1109 tam
2510 1068 2639 1110 con-

310 1145 540 1202 stanter
583 1141 742 1218 apud
786 1143 996 1217 poetas
1042 1140 1341 1200 scaenicos
1385 1140 1572 1214 redit,
1627 1143 1698 1200 ut
1741 1159 1814 1200 ex
1859 1157 1933 1200 ea
1977 1139 2416 1210 consociatione
2459 1139 2644 1200 etiam

309 1231 382 1291 de
426 1230 756 1291 masculino
802 1224 1204 1290 coniecturam
1246 1229 1444 1291 faeere
1488 1228 1686 1291 liceat.

484 1319 602 1380 Sed
648 1322 969 1395 antequam
996 1337 1147 1379 eam
1191 1315 1320 1379 rem
1365 1319 1652 1395 exemplis
1695 1317 1844 1395 ipsis
1890 1317 2222 1378 tractandis
2265 1319 2644 1396 perspicuam

307 1409 622 1486 faciamus,
686 1427 758 1468 ea
811 1427 965 1486 quae
1017 1412 1251 1469 veteres
1306 1407 1684 1485 grammatici
1739 1408 1814 1467 de
1870 1407 2205 1484 possessivo
2253 1411 2417 1468 cuius
2462 1425 2501 1468 a
2543 1425 2644 1467 mn

306 1498 626 1576 protulere,
656 1515 1016 1573 quamquam
1042 1516 1234 1574 neque
1260 1497 1455 1584 multa
1479 1516 1674 1573 neque
1703 1515 1850 1557 sana
1878 1498 2036 1572 sunt,
2063 1502 2394 1574 proponere
2430 1498 2643 1573 placet.

308 1588 491 1648 Recte
535 1587 877 1647 Priscianus
903 1587 966 1647 H
998 1590 1074 1646 17
1085 1589 1120 1647 9
1151 1587 1225 1646 H.
1272 1589 1439 1647 cuius
1483 1606 1524 1646 a
1564 1605 1669 1646 um
1711 1589 1839 1646 tam
1882 1586 2203 1647 relativum
2249 1606 2428 1662 quam
2464 1587 2646 1647 inter·
2696 1643 2703 1651 .

308 1677 648 1755 rogativum
694 1695 826 1737 esse
870 1693 1045 1751 posse
1091 1676 1290 1736 allatis
1318 1675 1671 1752 Vergiliano
1716 1674 1822 1734 illo
1869 1677 2063 1735 cuium
2086 1677 2309 1749 pecus?
2354 1679 2416 1736 et
2460 1675 2644 1736 versi-

309 1768 420 1827 bus
468 1765 735 1826 Terentii
778 1765 931 1826 Eun.
979 1767 1136 1825 321:
1189 1767 1350 1840 viryo
1395 1766 1661 1840 quoiast?
1716 1767 1778 1824 et
1823 1763 2010 1825 Andr.
2061 1767 2218 1825 932:
2264 1768 2496 1840 quoiam
2539 1768 2647 1841 igi-

311 1857 539 1915 tw?::
582 1855 834 1915 Fratris
893 1855 1109 1927 filiam,
1172 1854 1387 1914 deinde
1447 1855 1579 1914 loco
1644 1873 1677 1913 e
1725 1853 1994 1914 Verrinis
2058 1845 2158 1934 (II
2210 1858 2268 1927 1,
2318 1855 2432 1929 54,
2482 1845 2639 1936 142)

315 1948 583 2022 sumpto:
647 1949 713 2003 ut
747 1946 963 2018 optima
1007 1945 1334 2013 condicione
1376 1946 1454 2004 sit
1486 1946 1568 2012 is,
1615 1946 1751 2003 cuia
1793 1961 1888 2003 res
1932 1948 2041 2013 est,
2089 1946 2283 2003 cuium
2318 1945 2648 2017 periculum

310 2035 497 2096 docet.
600 2034 768 2092 Idem
821 2033 851 2091 Ι
913 2034 1038 2093 595
1095 2032 1170 2094 Η.
1238 2036 1373 2093 cuia
1435 2033 1665 2108 pariter
1728 2050 1797 2091 ao
1862 2049 1993 2092 mea
2054 2036 2157 2092 tua
2212 2050 2257 2094 e.
2316 2050 2369 2108 q.
2427 2051 2474 2094 s,
2536 2052 2681 2110 pro.

310 2122 588 2199 genetivo
633 2121 923 2199 primitivi
967 2118 1034 2198 (i.
1079 2141 1128 2181 e.
1174 2122 1540 2198 pronominis
1586 2115 1711 2202 qui)
1757 2139 1891 2180 cum
1935 2121 2136 2182 verbis
2179 2124 2414 2182 interest
2456 2125 2519 2182 et
2559 2140 2649 2182 re-

310 2214 424 2285 fert
465 2211 609 2290 poni
655 2209 955 2271 Ciceronis
1001 2229 1110 2288 pro
1155 2211 1393 2271 Vareno
1438 2210 1640 2271 verbis
1685 2212 1926 2286 probat:
1974 2229 2043 2270 ea
2079 2212 2281 2271 caedes
2324 2214 2378 2271 si
2409 2212 2648 2285 potissi-

307 2319 468 2361 mwm
512 2302 743 2361 crimini
777 2302 970 2368 datm,
1019 2302 1183 2361 datm
1230 2304 1298 2369 ei,
1345 2303 1480 2360 cuia
1522 2302 1804 2376 interfuit,
1848 2317 1967 2359 non
2012 2303 2080 2368 ei,
2127 2303 2261 2360 cuia
2294 2301 2440 2360 nihil
2473 2303 2648 2360 inter-

310 2392 441 2465 fuit.
524 2389 643 2448 Sed
689 2392 1087 2449 commentum
1133 2393 1243 2467 est,
1290 2390 1450 2466 quod
1494 2389 1837 2449 Priscianus
1884 2389 2047 2448 haud
2092 2389 2270 2450 dubie
2298 2390 2646 2466 Vergiliano

310 2482 503 2539 cuium
535 2497 718 2553 pecus
761 2479 823 2538 in
870 2497 1130 2539 errorem
1176 2478 1454 2539 inductus
1481 2479 1544 2537 II
1576 2482 1607 2538 1
1620 2481 1699 2539 79
1730 2478 1806 2538 Η.
1851 2479 2248 2538 masculinum
2292 2480 2650 2552 diffcrmiae

312 2587 494 2630 causa
539 2568 578 2628 i.
626 2586 674 2628 e.
720 2587 796 2627 ne
842 2587 976 2627 cum
1021 2568 1274 2629 relativo
1322 2566 1747 2646 confundatur,
1800 2568 1865 2626 in
1908 2567 2025 2627 fine
2078 2567 2213 2628 acui
2258 2568 2419 2628 dicit.
2509 2568 2648 2629 Non

311 2657 505 2718 solum
560 2656 719 2716 enim
772 2657 927 2717 ratio
981 2661 1305 2735 repugnat,
1369 2658 1475 2717 sed
1530 2658 1714 2717 etiam
1759 2656 2027 2717 Terentii
2079 2673 2290 2718 versus
2339 2676 2522 2733 supra
2565 2658 2648 2717 al-

313 2748 478 2806 latus
524 2744 710 2809 Andr.
759 2747 913 2806 763:

630 2833 806 2910 Cedo,
853 2838 1094 2911 quoium
1141 2854 1392 2912 puerum
1437 2835 1536 2895 hio
1582 2834 1913 2912 adposisti‘?

316 2924 721 2985 accusativum
765 2923 1082 2984 masculini
1127 2919 1563 3001 paroxyt'onum
1610 2924 1889 2986 ostendit.
1952 2926 2158 2985 Alium
2190 2943 2426 3003 quoque
2451 2944 2648 3003 gram-

315 3014 662 3073 maticorum
708 3011 971 3074 errorem
1014 3014 1175 3073 idem
1217 3014 1322 3073 ille
1367 3005 1633 3074 Terentii
1678 3032 1888 3075 versus
1934 3015 2262 3092 redarguit.
2329 3014 2648 3074 Cledonius

314 3103 471 3163 enim
514 3123 572 3180 p.
622 3104 704 3163 53
734 3102 805 3164 Κ.
842 3102 1075 3163 scribit:
1132 3121 1355 3162 eccum
1402 3119 1651 3170 eccam,
1707 3103 1914 3162 ellum
1959 3106 2189 3171 ellam,
2237 3106 2440 3164 cuius
2487 3107 2650 3165 cuia

311 3195 542 3252 cuium
603 3195 894 3252 cuiatis:
952 3194 1068 3253 ista
1129 3194 1325 3252 omma
1377 3193 1654 3252 amala
1695 3197 1855 3260 sunt,
1908 3210 2027 3253 non
2070 3193 2457 3262 decli-namur,
2510 3211 2652 3253 nam

313 3284 544 3341 cuium
585 3300 634 3356 p
647 3282 844 3341 ecus?
896 3284 1209 3342 auctoritas
1241 3282 1653 3355 praesumpsit.
1746 3280 2182 3342 Grammaticus
2226 3282 2415 3359 igitur
2459 3276 2652 3342 cuium

300 3388 485 3444 pecus
528 3389 603 3429 ne
646 3373 809 3430 recte
855 3370 1094 3446 quidem
1140 3371 1381 3444 dictum,
1427 3371 1534 3430 sed
1560 3370 1816 3448 Vergilii
1861 3370 2210 3431 auctoritati
2245 3374 2482 3431 tantum
2518 3390 2650 3431 con-

311 3459 640 3518 cedendum
684 3477 814 3519 esse
860 3460 1028 3519 dicit:
1074 3460 1365 3519 nimirum·
1401 3462 1597 3519 cuium
1628 3477 1811 3536 pactos
1851 3462 2261 3523 accusativum
2308 3480 2439 3521 esse
2475 3462 2652 3537 putat

312 3552 375 3607 et
420 3567 554 3608 cum
599 3551 764 3609 totus
809 3548 1067 3625 Vergilii
1110 3567 1322 3609 versus
1369 3549 1475 3608 sit:

630 3637 743 3697 Dic
786 3636 958 3715 mihi,
1004 3637 1321 3712 Damoeta,
1367 3637 1568 3697 cuium
1611 3637 1837 3714 pecus?
1884 3656 1962 3697 an
2005 3638 2330 3699 Meliboei?

315 3729 424 3786 aut
469 3745 606 3785 cum
650 3725 1038 3786 antecedente
1083 3729 1176 3787 dic
1219 3726 1529 3803 coniungit
1574 3730 1682 3787 aut
1722 3728 1897 3787 habes
1930 3729 2028 3787 vel
2073 3728 2198 3787 tale
2239 3727 2465 3805 aliquid
2511 3746 2649 3804 sup-

314 3815 457 3892 plet.
560 3814 681 3887 Sed
730 3815 990 3876 fortasse
1043 3816 1227 3892 quod.
1256 3816 1317 3876 in
1372 3817 1665 3893 excerptis
1722 3816 2325 3894 adnotationibusque
2381 3816 2651 3876 Cledonii

315 3905 534 3963 mirum
578 3922 696 3965 non
744 3906 861 3980 est,
915 3905 1081 3964 locus
1135 3904 1335 3965 nescio
1390 3924 1508 3981 quo
1554 3924 1695 3965 casu
1740 3905 2021 3966 turbatus
2068 3910 2179 3965 est.
2270 3905 2647 3982 Augustinus

307 3987 378 4053 'in
422 3995 576 4053 Arte
621 3994 893 4055 breviata
936 4014 994 4070 p.
1039 3995 1171 4054 494
1217 3993 1288 4055 Κ.
1336 3997 1501 4054 cuius
1546 4013 1586 4053 a
1628 4013 1732 4054 um
1785 3994 2045 4055 declinat
2087 3994 2328 4072 q-uidem
2372 4014 2481 4071 per
2527 3995 2645 4055 sin-

259 4093 262 4098 ’
317 4083 589 4159 gularem
645 4086 708 4143 et
759 4082 1057 4159 pluralem
1100 4084 1286 4142 trium
1330 4101 1647 4160 generum,
1714 4084 1821 4143 sed
1866 4101 1997 4143 cam
2039 4084 2475 4143 declinationem
2507 4086 2651 4158 plus

319 4175 463 4232 artis
515 4191 691 4247 quam
733 4172 1016 4246 ponderis
1054 4189 1255 4247 ‚cerere
1294 4172 1471 4233 dicit:
1535 4190 1677 4233 nam
1718 4175 1896 4234 nimis
1938 4177 2101 4233 vetus
2145 4178 2227 4233 est
2271 4177 2324 4234 ct
2368 4192 2407 4233 a
2449 4178 2650 4233 nostra

319 4262 718 4321 consuetudine
760 4261 1083 4335 repudiata.
1167 4260 1333 4332 Quae
1378 4262 1594 4323 deinde
1639 4261 1824 4340 addit,
1868 4262 1967 4323 vel
2012 4262 2265 4321 maxime
2301 4262 2456 4321 mira
2492 4267 2652 4323 sunt.

318 4348 479 4409 Dicit
513 4350 690 4425 enim,
725 4350 1215 4410 consuetudinem
1250 4350 1370 4410 ista
1404 4345 1472 4431 (i.
1499 4371 1550 4411 e.
1578 4352 1801 4411 formas
1838 4351 2163 4427 possessivi
2197 4345 2410 4429 cuivis),
2447 4369 2650 4427 quam-

322 4438 412 4497 vis
466 4439 527 4497 in
582 4439 669 4498 eis
722 4438 1065 4498 auctoribus
1112 4439 1520 4516 inveniantur,
1583 4440 1687 4516 qui
1735 4441 1856 4500 sint
1899 4441 1963 4509 in
2006 4441 2282 4501 manibus
2330 4442 2393 4499 et
2437 4442 2498 4500 in
2545 4459 2648 4500 ore
