3009 4767
240 1369 273 1388 J

1322 220 1713 283 -7—

439 378 505 467 1)
550 386 766 445 Bacch.
815 387 961 447 252.

661 477 847 537 Istius
890 476 1146 536 hominis
1192 476 1299 536 ubi
1342 475 1412 535 fit
1458 494 1756 552 quomque
1801 476 2041 536 mentio,

521 580 697 643 Alter
739 582 976 642 iambus
1023 584 1086 642 et
1128 582 1311 642 tertia
1354 582 1545 642 thesis
1591 584 1711 641 est:

439 680 508 770 2)
555 691 734 750 Merc.
785 692 928 751 738.
1724 771 1730 776 .

661 775 831 838 Nihil
876 780 1072 839 hercle
1118 781 1285 839 istius
1330 781 1732 854 quicquamst:
1777 796 2027 837 numero
2073 779 2342 856 purigas.

436 861 505 949 3)
552 866 760 928 Afran.
809 887 952 929 com.
1003 870 1104 928 35.

662 958 774 1028 Pol
817 957 1011 1034 magis
1057 960 1227 1017 istius
1270 943 1636 1016 temulentae
1680 951 1918 1016 futtilis.

527 1065 796 1124 Tertium
840 1065 1105 1153 iambum
1151 1084 1285 1124 cum
1331 1066 1547 1146 quarta
1592 1062 1750 1122 thesi
1794 1064 1985 1122 tenet:

439 1164 511 1251 4)
560 1171 741 1231 Haut.
789 1174 935 1232 869.

664 1260 748 1321 Ut
791 1261 967 1321 istam
1013 1279 1142 1318 rem
1186 1259 1376 1333 video,
1421 1262 1593 1319 istius
1637 1259 2083 1320 obsaturabere.

525 1363 829 1428 Trochaici
859 1367 1182 1447 septenarii
1209 1352 1382 1429 istius
1417 1367 1675 1443 primam
1711 1367 1929 1427 thesim
1978 1386 2112 1426 cum
2158 1368 2349 1427 altero
2395 1368 2673 1427 trochaeo

350 1461 541 1629 ’bengb
555 1548 678 1607 Mil.
729 1547 916 1607 1164.
1021 1541 1025 1545 ’

666 1635 965 1713 Quasique
1010 1637 1178 1696 istius
1223 1639 1405 1695 causa
1449 1634 1670 1695 amoris
1720 1639 1788 1693 ex
1825 1635 1945 1695 hoc
1988 1636 2385 1695 matrimonio.

441 1716 508 1807 6)
557 1725 717 1786 Trin.
766 1728 911 1787 894.
1868 1765 1872 1780 ·
2517 1809 2521 1813 .

663 1814 847 1875 Pater
891 1817 1060 1875 istius
1107 1811 1502 1874 adulescentis
1550 1812 1716 1873 dedit
1759 1814 1869 1873 has
1917 1815 2066 1873 duas
2111 1814 2192 1872 mi
2238 1816 2545 1890 epistulas,

524 1923 789 1988 Tertiam
835 1922 1054 1982 thesim
1099 1941 1234 1981 cum
1279 1924 1493 1998 quarto
1540 1922 1820 1982 trochaeo
1867 1921 2073 1994 efficit:

439 2004 504 2091 7)
551 2011 676 2073 Μ11.
729 2016 760 2071 1
774 2012 916 2071 165.

660 2077 935 2161 Ᾰὸἰθιίιιι
981 2100 1224 2177 cupiens
1271 2102 1441 2160 istius
1483 2100 1907 2177 nuptiarum:
1908 2098 2138 2166 .Omne
2185 2100 2407 2161 ordine.

426 2269 429 2270 γ
524 2208 752 2280 Quarta
796 2208 988 2268 thesis
1036 2210 1099 2268 et
1143 2207 1387 2283 quintus
1433 2207 1751 2267 trochaeus
1798 2211 1912 2267 est:

436 2289 505 2379 8)
552 2298 676 2357 Mil.
727 2299 914 2357 1163.
2261 2345 2267 2352 .

659 2386 889 2463 Nempe
933 2389 1005 2446 ut
1049 2359 1400 2446 adsimulem
1445 2406 1542 2446 me
1588 2405 1788 2447 amore
1834 2388 2001 2445 istius
2046 2385 2344 2448 differri-2
2375 2387 2586 2447 T.enes

344 2476 703 2535 Bitschelius
759 2479 968 2538 contra
1018 2476 1206 2535 libros
1259 2476 1361 2536 Eu
1406 2480 1558 2540 tenes
1612 2475 1867 2552 scripsit.
1963 2476 2160 2536 Tenes
2187 2475 2567 2538 HAKochius
2612 2478 2705 2535 in-

349 2565 720 2626 Fleckeiseni
772 2564 1108 2634 Annalibus
1160 2567 1279 2625 101
1342 2556 1575 2646 (1870)
1605 2587 1680 2643 «p,
1720 2567 1810 2636 54
1858 2564 1992 2626 adn.
2038 2564 2286 2643 retinet3
2349 2565 2438 2625 sic
2492 2566 2670 2628 etiam

344 2654 584 2714 Brixius
633 2657 695 2718 et
737 2654 1060 2721 Lorenzius
1107 2654 1393 2715 scribunt.
1488 2675 1513 2702 .-

434 2737 503 2825 9)
548 2744 734 2804 Haut.
782 2747 929 2805 571.

658 2810 750 2893 At
793 2833 940 2893 fides
987 2833 1094 2892 mi
1106 2833 1266 2909 apud
1301 2834 1459 2894 hunc
1496 2836 1612 2907 est,
1623 2789 1809 2894 nihil
1837 2853 1934 2896 me
1959 2836 2128 2895 istius
2153 2795 2457 2896 facturum
2484 2837 2674 2911 pater.

348 2922 763 3025 Septenarium
817 2922 1189 2983 trochaicum
1240 2942 1376 2984 cum
1432 2922 1736 2996 Bentleio‚
1792 2922 2201 2997 Fleckeisen0‚
2256 2922 2326 2982 G.
2372 2922 2675 3000 Wagnero

343 3012 575 3088 scripsi.
637 3011 806 3072 Libri
841 3012 1162 3074 iambicum
1198 3012 1567 3074 octonarium
1602 3012 1663 3071 ti
1664 3011 1919 3073 ochaicis
1957 3012 2310 3131 septenariis
2337 3012 2675 3072 immixtum

343 3101 650 3164 exhibent.
962 3121 967 3126 ·
2673 3151 2676 3154 ,

552 3240 559 3246 .
657 3188 743 3249 At
778 3189 926 3250 mihi
952 3151 1098 3252 fides
1126 3189 1299 3266 apud
1326 3163 1483 3255 hunc
1512 3193 1624 3265 est,
1648 3166 1801 3252 nihil
1825 3209 1926 3250 me
1960 3192 2130 3254 istius
2147 3190 2456 3249 facturum
2483 3192 2674 3266 pater.

342 3279 460 3339 Sed
506 3280 689 3340 etiam
733 3280 846 3339 hoc
888 3280 952 3338 in
996 3298 1177 3339 versu
1221 3299 1504 3342 mensura
1549 3265 1728 3344 istms
1771 3282 1990 3343 manet.

517 3368 720 3428 Plauti
765 3387 869 3430 sex
905 3369 1177 3445 exempla
1224 3360 1313 3450 (1.
1353 3372 1419 3431 2.
1465 3371 1523 3429 5.
1573 3370 1632 3428 6.
1681 3373 1736 3429 7.
1786 3363 1856 3449 8)
1905 3371 2061 3443 sunt,
2107 3367 2377 3430 Terentii
2421 3368 2537 3428 duo
2585 3361 2673 3449 (4.

344 3450 430 3550 9),
476 3477 662 3518 unum
710 3450 811 3539 (3)
858 3456 1098 3518 Afranii
1140 3461 1250 3517 est.

517 3582 581 3642 O.
653 3567 867 3658 Ipsius
913 3583 1096 3643 semel
1133 3582 1291 3660 apud
1318 3582 1622 3656 Plautum,
1670 3582 1854 3642 semel
1888 3582 2047 3658 apud
2077 3582 2441 3692 Terentium,
2489 3584 2674 3643 semel

342 3672 501 3747 apud
538 3670 864 3732 Afranium
909 3671 1158 3749 legitur:

437 3771 527 3906 1)
549 3778 718 3855 Cap.
768 3780 938 3839 87.
1887 3825 1894 3830 -

815 3887 850 3927 o
895 3868 1107 3944 edepol
1151 3871 1392 3944 propter
1436 3866 1753 3927 avaritiam
1797 3868 2000 3940 ipsius
2029 3867 2211 3944 atque
2253 3868 2583 3931 audaciam.

433 3952 525 4038 2)
547 3957 920 4106 Ηθᾍιιῗὲιῗιιι
947 4049 1003 4106 ei
1029 4046 1309 4123 restitue,
1345 4049 1540 4121 paene
1564 4046 1669 4122 qui
1694 4044 1908 4106 harum
1933 4049 2238 4123 ipsiusque
2265 4066 2464 4123 opera
2473 4048 2670 4161 periit.

420 4127 500 4217 3·)
545 4135 751 4195 Afran.
798 4155 945 4195 com.
978 4136 1140 4196 257.
1470 4171 1473 4178 ν

657 4242 696 4269 υ
720 4237 755 4269 J-
780 4242 819 4269 υ
843 4262 878 4270 -
907 4245 1085 4328 quam
1129 4224 1278 4284 mihi
1324 4225 1404 4284 sit
1446 4226 1627 4302 grata
1668 4226 1856 4299 ipsms
1901 4170 2310 4301 obsequella.

342 4311 517 4382 Quod
567 4313 1009 4390 fragmentum
1039 4314 1090 4375 si
1119 4313 1369 4374 cretico
1412 4314 1766 4418 praemisso
1829 4313 2236 4390 septenarium
2303 4314 2669 4376 trochaicum

341 4405 471 4466 esse
517 4402 754 4481 statuis,
797 4421 1137 4465 mensuram
1180 4403 1445 4485 genetivi
1490 4406 1704 4478 ipsam
1723 4401 1972 4465 eandem
2017 4405 2257 4467 retinet.
