3009 4767
1301 206 1732 276 432..-

350 374 646 453 omrfium,
710 378 913 438 tamen
967 375 1423 452 contempsisse:
1476 393 1592 451 per
1644 349 1832 436 uwum
1886 376 2038 434 enim
2080 393 2430 449 pronomen,
2492 375 2557 435 id
2609 379 2692 435 est
2784 435 2789 442 ,

350 459 562 525 ‘euius'
607 466 698 524 vel
743 460 1032 539 ‘quorum'
1078 469 1276 525 omnia
1319 468 1557 539 infinita
1590 468 1926 540 possessiva
1967 467 2389 539 siquifieaumr.
2444 467 2689 525 dicimus

352 556 504 614 euim
532 548 743 614 ewius'
771 549 907 614 vel‘
911 549 1177 628 quorum'
1205 573 1406 615 servus
1449 558 1570 616 sive
1614 556 1833 615 aneilla
1873 556 1997 614 sive
2040 556 2330 628 templum,
2375 556 2493 622 sed,
2538 556 2691 628 quod

346 646 687 719 fatendmu
707 649 814 712 est,
873 662 1004 703 eum
1063 646 1322 704 molestia
1384 645 1795 706 discernendae
1841 646 2250 718 ambiyu'itatis
2312 646 2378 706 iu
2434 647 2689 754 yenetivo

348 734 663 808 mutari,
709 726 1005 806 quando‘
1018 726 1213 797 ouius-⁹
1269 736 1540 802 dieamus,
1585 738 1640 792 et
1680 736 1746 793 in
1778 734 2034 807 plurali,
2080 726 2376 807 quando‘
2379 725 2692 806 quorum'.

351 816 560 883 euius'
608 825 760 882 euim
804 827 856 882 et
892 814 1178 896 ‘quorum'
1224 824 1453 896 quando
1487 824 1820 897 possessiva
1863 826 2015 890 samt,
2052 840 2163 896 per
2205 840 2378 882 casus
2421 840 2535 881 non
2582 824 2680 895 fle-

349 917 595 971 etuntur.
669 911 802 971 Duo
848 911 1037 988 igitur
1082 915 1143 971 et
1187 915 1354 972 euius
1399 916 1461 972 et
1504 930 1749 986 quorum
1795 930 1927 972 esse
1964 909 2342 987 Augustinus
2390 910 2688 987 opinatur,

351 1020 607 1077 quorum
663 1001 922 1060 alterum
980 1000 1389 1078 possessivum
1451 1020 1560 1078 pro
1624 1001 1830 1060 formis
1891 1000 2218 1076 possessivi
2282 1002 2447 1060 ouius
2500 1019 2540 1061 a
2584 1019 2687 1059 um

350 1094 727 1167 usurpatum,
772 1092 1028 1152 alterum
1055 1090 1371 1167 genetivus
1400 1090 1766 1167 pronominis
1779 1143 1784 1152 ,
1798 1090 1892 1166 sit,
1940 1107 2310 1166 quorumque
2340 1090 2472 1166 pari
2497 1090 2692 1150 forma

353 1179 477 1256 fiat,
523 1183 594 1238 ut
639 1182 805 1239 euius
848 1180 946 1240 vel
992 1197 1238 1253 quorwm
1273 1183 1478 1240 utrum
1518 1180 1601 1240 sit
1628 1199 1872 1257 quoque
1909 1179 2037 1239 loco
2075 1197 2255 1255 aegre
2292 1179 2690 1240 discernatur:

357 1287 513 1344 quae.
566 1268 798 1329 somnia
853 1269 1091 1329 silentio
1146 1272 1475 1345 praetereo
1568 1269 1810 1330 Servius
1856 1288 1996 1332 vero
2051 1268 2115 1326 in
2160 1267 2584 1329 commentario
2629 1268 2692 1326 in

355 1360 549 1417 artem
594 1358 816 1417 Donati
869 1378 926 1435 p.
974 1360 1102 1418 436
1150 1358 1222 1418 K.
1280 1362 1414 1419 cuia
1459 1362 1512 1418 et
1556 1362 1750 1424 cuium
1802 1358 2113 1435 genetivos
2162 1376 2295 1417 esse
2338 1358 2688 1431 hariolatur,

355 1465 391 1505 a
436 1466 553 1522 quo
605 1447 966 1523 loquaeitate
1019 1450 1257 1507 tantum
1313 1448 1517 1507 differt
1572 1448 1891 1524 Pompeius
1946 1441 2376 1524 grammaticus
2426 1450 2553 1510 210
2599 1446 2691 1522 K„

353 1537 503 1594 hano
547 1532 625 1595 'in
682 1540 918 1612 partem
977 1537 1171 1597 minor-
1228 1541 1433 1596 tamen
1490 1540 1733 1598 auctore
1792 1554 2089 1613 anonymo
2153 1537 2302 1596 artis
2366 1536 2687 1598 Bernensis

359 1627 477 1683 141
513 1645 559 1685 s.
603 1625 760 1703 Hag.
850 1626 1040 1686 Nihili
1105 1628 1199 1684 est
1262 1627 1443 1688 etiam
1505 1628 1663 1703 quod
1730 1627 1792 1684 in
1847 1625 2101 1703 Vergilii
2163 1625 2544 1702 grammatici
2598 1645 2693 1684 ex-

353 1714 573 1790 cerptis
635 1734 788 1792 quae
847 1716 1125 1775 dicuntur
1183 1736 1239 1791 p.
1292 1718 1413 1776 196
1471 1716 1627 1796 Hag.
1690 1708 1825 1797 (cfr.
1883 1716 2065 1774 etiam
2118 1719 2232 1776 art.
2288 1734 2458 1774 anon.
2485 1714 2691 1774 Bern.

358 1805 481 1863 136
514 1823 559 1862 s
606 1796 790 1885 Hag.)
837 1807 1002 1863 euius
1054 1823 1092 1864 a
1135 1823 1238 1864 um
1281 1804 1438 1864 inter
1482 1805 1835 1881 pronomina
1880 1804 2178 1868 defectiva
2221 1804 2507 1863 refertur·
2554 1808 2691 1866 suut

356 1885 464 1973 (so
497 1885 909 2005 pronomina)
956 1912 1103 1966 quae
1148 1896 1333 1953 tribus
1378 1896 1607 1956 casibus
1648 1897 1980 1967 fleetuntur,
2034 1898 2100 1953 ut
2145 1887 2333 1953 euius
2377 1896 2494 1952 cuii
2531 1886 2689 1953 euio'

355 1975 512 2040 cuia
558 1976 744 2041 cuiae'
793 1976 1010 2044 cuium
1055 1985 1171 2041 cuii
1215 1976 1382 2042 ouio'.

532 2070 660 2139 Quo
698 2072 894 2131 minus
933 2089 1114 2132 sanae
1151 2071 1453 2133 doctrinae
1490 2076 1726 2142 veteres
1762 2072 2147 2149 grammatici
2175 2071 2254 2132 ad
2279 2072 2691 2147 quaestionem

351 2162 620 2234 nostram
676 2161 1042 2237 enodandam
1098 2162 1656 2237 suppeditaverunt,
1722 2182 1790 2221 eo
1845 2162 2038 2238 magis
2093 2180 2199 2225 nos
2256 2160 2401 2236 quid
2446 2162 2688 2237 proprio

352 2250 548 2309 Marte
593 2251 901 2309 valeamus
947 2253 1183 2309 tentare
1229 2251 1530 2312 debemus·
1623 2252 1695 2310 In
1723 2250 2157 2324 enumerandis
2203 2249 2349 2310 loeis
2369 2309 2373 2313 ,
2396 2251 2513 2308 hue
2557 2270 2686 2326 per-

353 2339 684 2400 tinentibus
737 2339 977 2400 initium
1031 2340 1107 2398 ab
1153 2339 1227 2400 iis
1275 2340 1514 2415 faoiam,
1568 2341 1787 2416 quibus
1833 2344 1997 2400 euius
2043 2359 2081 2402 a
2123 2358 2226 2398 mu
2270 2339 2347 2397 ad
2392 2339 2692 2398 hominem

353 2428 456 2504 qui
500 2429 563 2487 in
607 2432 909 2504 potestate
957 2429 1178 2489 domini
1223 2430 1476 2489 alicuius
1524 2433 1617 2490 est
1663 2432 1911 2505 spectat.

530 2517 737 2577 Plauti
781 2518 844 2578 hi
889 2520 1002 2578 looi
1050 2521 1216 2578 sunt:

451 2598 518 2686 1)
568 2605 796 2667 Cistell.
842 2608 935 2667 HI
985 2611 1016 2667 1
1051 2627 1096 2667 s.

1844 2701 2094 2773 sequere
2134 2715 2268 2756 mea
2291 2696 2616 2774 Silerum,

677 2763 766 2845 Ut
812 2804 1018 2846 eorum
1064 2788 1296 2860 quoiam
1341 2791 1469 2847 esse
1516 2789 1753 2862 oportet
1796 2788 1884 2861 te,
1941 2787 2023 2846 sis
2068 2787 2292 2863 potius
2315 2791 2494 2862 quam
2540 2806 2688 2845 mea.

449 2866 518 2952 2)
565 2874 743 2934 Mero.
793 2879 824 2934 1
838 2878 937 2935 99.

1310 2966 1628 3041 postquam
1675 2965 1909 3040 aspexit
1953 2966 2285 3040 mulierem,

670 3052 957 3129 Rogitare
1003 3057 1256 3130 occepit,
1303 3058 1476 3127 quoia
1523 3057 1683 3114 esset
1728 3049 1879 3133 (soil.
1926 3050 2355 3131 Pasicompsa).

353 3141 449 3201 Ad
496 3141 745 3202 eandem
771 3142 1215 3236 Pasicompsam
1261 3146 1548 3257 quattuor
1593 3143 1687 3202 his
1732 3144 1878 3203 loeis
1926 3144 2191 3208 eiusdem
2234 3143 2480 3204 fabulae
2520 3146 2692 3217 quoia

353 3232 644 3306 pertinet.

446 3313 513 3400 3)
563 3320 741 3380 Mero.
789 3323 938 3383 529.

673 3410 784 3472 Dio
819 3411 1007 3487 igitur
1043 3430 1282 3488 quaese,
1310 3412 1485 3484 quoia
1516 3430 1681 3471 sum·
1703 3411 1876 3470 :Tuo
1915 3412 2015 3471 ero
2045 3412 2369 3487 redempta’
2373 3430 2401 3472 s
2430 3416 2690 3473 rursum.

446 3492 517 3580 4)
564 3500 744 3559 Mero.
795 3502 938 3559 720.

674 3589 859 3664 Quoia
903 3590 1010 3648 fila
1052 3589 1269 3648 mulier
1313 3589 1595 3650 intust‘b
1625 3588 1969 3650 :Vidistine
2017 3590 2191 3650 eam?

446 3668 514 3759 5)
562 3679 742 3738 Mero.
793 3681 937 3738 721.

674 3767 858 3827 Vidi:
889 3768 1119 3842 :Quoia
1164 3785 1236 3827 ea
1281 3768 1360 3827 sit
1405 3767 1722 3852 rogitas‘?:
1753 3769 2132 3850 :Resciscam
2178 3773 2396 3829 tamen

449 3850 517 3937 6)
564 3857 744 3918 Mero
795 3858 938 3916 722.

326 4013 340 4020 ‚
675 3946 793 4005 Vin
840 3947 1032 4006 dicam
1077 3947 1342 4054 quoiast?
1388 3948 1497 4006 illa
1546 3977 1620 3987 --
1673 3946 1781 4006 illa
1826 3946 2040 4080 edepol
2094 3978 2164 3987 —-
2198 3952 2329 4012 vae
2373 3948 2537 4007 mihi.
2612 4016 2616 4022 ¹
2707 3929 2720 3939 ’

449 4027 531 4115 ’ἃ
560 4035 776 4104 Pseud.
826 4035 1016 4098 1042.

675 4124 921 4198 Quoiam
967 4130 1096 4185 esse
1142 4128 1203 4185 te
1249 4125 1340 4186 vis
1386 4129 1680 4200 maxume,
1725 4126 1801 4185 ad
1848 4145 1982 4186 eum
2032 4126 2273 4187 duxero.
2359 4169 2362 4172 -

448 4204 517 4294 8)
564 4211 660 4272 Ru
734 4216 1018 4381 szffitum
1039 4322 1149 4380 ego
1177 4323 1285 4379 pro
1304 4303 1509 4364 istisce
1537 4304 1828 4366 ambabus
1856 4306 2061 4378 quoiae
2087 4307 2260 4364 eiant
2278 4305 2515 4366 domino
2535 4300 2689 4366 dedi.

356 4391 596 4451 Labrax
640 4393 776 4453 leno
823 4392 896 4451 de
940 4394 1293 4452 mulieribus
1339 4393 1625 4469 loquitur.
