3009 4767
1244 263 1678 356 -36--7

300 432 549 494 Accedit
590 452 829 495 versus:

346 515 458 605 12)
504 524 714 586 Bacch.
764 524 910 585 948.

612 613 673 672 12
708 612 1003 672 Helenam
1036 610 1308 684 abduxit,
1354 612 1528 684 quoia
1572 627 1750 670 eausa
1785 611 1941 670 minc
1977 608 2129 672 facio
2166 607 2464 668 obsidium
2492 586 2624 667 ino.

481 695 700 777 Quoius
744 721 924 762 cama
966 701 1163 761 tribus
1206 699 1352 760 locis
1397 701 1460 758 in
1502 699 1673 759 libris
1721 701 1839 759 est:

393 783 459 871 1)
507 789 675 868 Capt.
727 794 915 852 1009.
1258 797 1269 810 '
2153 831 2158 838 -
2635 857 2638 860 ,

615 879 807 955 Salve,
837 879 1117 956 Tyndaro
1135 901 1151 938 z
1171 902 1186 939 z
1205 864 1287 938 Et
1312 881 1398 954 tu,
1434 881 1642 952 quoius
1675 895 1856 938 causa
1882 879 2035 937 hanc
2062 895 2406 936 aerumnam
2433 876 2625 951 exigo.

396 972 432 1027 2
511 969 636 1029 Mil.
686 972 874 1030 1009.

437 961 465 1051 )
613 1057 870 1134 Sequere
887 1059 999 1119 hac
1024 1077 1121 1118 me
1149 1077 1290 1134 ergo
1311 1080 1324 1117 ε
1345 1076 1360 1117 :
1380 1058 1749 1133 Pedisequus
1777 1056 1892 1115 tibi
1920 1076 2086 1117 sum:
2107 1076 2121 1115 t
2144 1033 2394 1115 Utinam
2421 1039 2626 1128 quoius

1988 1146 2168 1205 causei
2211 1146 2389 1205 foras,

387 1230 455 1317 3)
502 1237 687 1297 Andr.
736 1241 771 1298 7
783 1239 882 1298 72.

615 1326 708 1385 Ne
752 1326 860 1385 illa
902 1326 1075 1385 illum
1119 1326 1279 1385 haud
1321 1326 1508 1402 novit,
1554 1325 1758 1398 qudius
1802 1343 1981 1385 causa
2026 1326 2173 1384 haec
2216 1324 2440 1399 incipit.

303 1415 394 1474 De
437 1415 531 1474 his
575 1416 771 1474 tribus
816 1416 961 1475 locis
1007 1415 1168 1474 infra
1209 1435 1266 1491 p.
1314 1417 1396 1475 47
1446 1414 1727 1475 dicemus,

473 1504 603 1563 Iam
647 1505 908 1565 rationes
954 1504 1243 1581 quasdam
1287 1522 1430 1564 usus
1475 1503 1801 1580 possessivi
1843 1506 2046 1577 quoius
2081 1522 2121 1562 a
2154 1521 2256 1562 um
2299 1519 2627 1578 proponere

300 1594 457 1654 licet.
545 1593 645 1653 Ac.
689 1593 949 1670 primum
1003 1593 1243 1670 quidem
1295 1611 1622 1669 pronomen
1676 1592 1828 1652 illud
1871 1593 1960 1653 ita
2002 1593 2242 1651 tantum
2285 1592 2629 1667 usurpatur,

298 1686 368 1742 ut
421 1683 498 1742 ad
553 1702 653 1743 eos
697 1682 968 1743 homines
1013 1684 1113 1743 vel
1155 1701 1253 1742 res
1299 1682 1403 1758 qui
1446 1683 1509 1740 in
1558 1685 1859 1758 potestate
1910 1681 2134 1741 domini
2184 1680 2435 1740 alicuius
2487 1682 2629 1739 sunt

299 1775 544 1848 spectet.
607 1772 772 1842 Quae
817 1772 910 1832 vis
958 1772 1141 1832 etiam
1187 1771 1473 1845 locutioni
1519 1773 1694 1844 quoia
1736 1788 1847 1831 vox
1879 1788 2067 1845 prope
2108 1788 2200 1830 mc
2242 1770 2449 1830 sonat?
2491 1768 2628 1827 sub-

299 1865 407 1922 est.
507 1860 817 1938 Significat
870 1861 1029 1920 enim
1079 1880 1201 1921 non
1255 1862 1450 1920 solum
1503 1862 1671 1920 maius
1726 1878 1796 1920 em
1846 1878 1944 1919 ore
1996 1861 2172 1920 verba
2225 1875 2373 1932 quac
2427 1858 2631 1917 audivi

287 1952 672 2024 prodierunt?
717 1949 822 2010 sed
865 1951 1054 2011 multo
1100 1949 1384 2010 maiorem
1418 1950 1792 2026 'gravitatem
1832 1949 2041 2022 habet,
2087 1951 2158 2007 ut
2201 1947 2502 2007 sententia
2548 1946 2631 2005 sit

298 2043 427 2113 quis
471 2044 553 2100 est
595 2044 794 2099 auctor
837 2040 1029 2099 vocis?
1056 2085 1059 2092 ,
1089 2039 1253 2099 Usus
1289 2039 1479 2116 igitur
1513 2037 1836 2114 possessivi
1869 2037 2086 2097 finibus
2123 2038 2302 2096 certis
2339 2039 2402 2098 et
2436 2037 2627 2094 multo

298 2128 746 2205 angustioribus
793 2147 972 2205 qnam
1016 2128 1281 2204 genetivi
1324 2127 1827 2188 circumcluditur.
1883 2124 2245 2186 ·Gemetivus
2291 2126 2450 2185 enim
2495 2144 2631 2185 cum
2742 2183 2745 2188 .

296 2237 482 2277 unum
528 2236 598 2277 ac
638 2221 838 2278 totum
881 2217 1191 2295 significet,
1235 2218 1312 2277 ad
1358 2216 1517 2294 quod
1559 2215 1787 2294 aliquid
1829 2216 1994 2275 aliud
2040 2234 2410 2291 quocumque
2453 2214 2632 2273 modo

298 2308 622 2383 pertineat,
673 2326 860 2367 nexus
918 2303 1109 2367 'multo
1167 2305 1410 2367 laxioris
1469 2308 1615 2365 nota
1674 2308 1783 2365 est.
1882 2303 2079 2375 Quare
2124 2305 2450 2381 genetivus¹
2483 2303 2630 2378 qui-n

297 2397 459 2455 hisce
505 2396 648 2456 locis
695 2396 1133 2471 intellegendus
1180 2395 1261 2455 sit
1303 2414 1422 2455 non
1466 2394 1700 2454 dubito:
2177 2391 2182 2397 ’

392 2486 546 2545 Men.
592 2487 740 2546 477.
812 2485 990 2544 Most.
1040 2485 1185 2544 970.
1258 2484 1399 2544 Hec.
1450 2486 1597 2544 571.

615 2574 785 2634 Hanc
849 2567 1001 2653 (scil.
1064 2565 1344 2653 pallam),
1415 2573 1620 2647 querius
1682 2573 1858 2633 heres
1925 2574 2249 2649 numquam
2299 2572 2430 2631 verit
2492 2574 2632 2648 post

1992 2662 2148 2721 ht'mc
2194 2662 2367 2724 diem.

616 2752 989 2812 Philolaches
1035 2752 1132 2811 hic
1176 2751 1436 2826 habitat,
1482 2752 1686 2828 quoius
1730 2754 1821 2810 est
1867 2754 2037 2827 pater
2084 2749 2550 2827 Theopropides.

618 2840 681 2900 Si
724 2844 979 2917 puerum
1032 2845 1103 2900 ut
1157 2841 1367 2900 tollam
1413 2838 1602 2916 cogit,
1656 2841 1874 2914 quoius·
1902 2858 2014 2899 nos
2058 2844 2161 2917 qui
2207 2842 2288 2900 sit
2328 2839 2625 2900 nescimus

1990 2932 2179 3005 pater.

299 3020 513 3097 Neque
557 3019 715 3079 enim
759 3020 922 3095 palla
967 3019 1223 3079 hominis
1269 3013 1461 3096 neque
1504 3017 1666 3078 filius
1712 3018 1902 3094 patris
1947 3019 2220 3078 dominus
2268 3021 2376 3078 est.

476 3109 706 3168 Deinde
759 3109 1350 3169 animadvertendum
1404 3110 1525 3183 est,
1588 3110 1822 3168 veteres
1879 3111 2087 3183 poetas
2145 3106 2442 3167 scaenicos
2510 3106 2628 3165 iam

298 3217 418 3259 non
482 3198 675 3257 solum
736 3198 1102 3273 possessivO,
1167 3198 1272 3258 sed
1332 3197 1515 3257 etiam
1572 3196 1678 3255 ubi
1732 3195 1805 3255 de
1857 3197 2037 3257 rebus
2093 3196 2371 3255 inanimis
2427 3195 2631 3271 agitur

300 3287 578 3363 genetivo
640 3286 878 3347 relativi
935 3288 1012 3346 ad
1070 3305 1472 3363 possessorem
1530 3284 1984 3363 significandum
2040 3286 2147 3346 uti.
2237 3285 2312 3343 In
2353 3284 2628 3345 versibus

298 3376 450 3437 Rud.
500 3378 644 3436 963.
693 3378 839 3436 967.
888 3379 1074 3437 1021.
1126 3377 1325 3435 1094:

617 3463 904 3524 Vidulum
949 3465 1132 3525 istum
1176 3465 1382 3539 quoius
1418 3466 1512 3525 est
1545 3466 1685 3524 novi
1732 3484 1843 3541 ego
1888 3464 2189 3524 hominem
2223 3463 2345 3523 iam
2380 3462 2626 3539 pridem.

1728 3559 1736 3570 ‘
1992 3576 2006 3613 z
2037 3575 2051 3612 ε
2081 3552 2235 3622 Quid
2282 3552 2414 3612 cst?

616 3625 749 3719 Ego
803 3642 977 3702 illum
1029 3644 1171 3703 novi
1224 3643 1428 3717 qubius
1481 3662 1640 3703 nunc
1697 3646 1814 3703 est:
1876 3644 1947 3701 tu
1991 3642 2162 3701 illum
2191 3639 2419 3718 lquoius
2465 3643 2627 3700 ante-

1994 3732 2105 3791 hac
2150 3731 2284 3792 fuit.

619 3820 682 3880 Si
718 3821 920 3882 veniat
953 3839 1110 3881 nunc
1147 3820 1421 3881 dominus
1458 3823 1703 3896 quoiast,
1751 3825 1867 3898 ego
1899 3820 2008 3896 qui
2040 3820 2371 3896 inspectavi
2406 3819 2630 3896 procul.

621 3909 684 3969 Si
729 3910 967 3971 scelesti
1011 3910 1174 3969 illius
1222 3912 1316 3970 est
1358 3909 1455 3970 hic
1499 3912 1703 3985 quoius
1747 3909 1875 3970 dico
1920 3909 2177 3969 vidulus.

302 4001 506 4073 quoius
549 4000 626 4058 ad
671 4001 957 4067 vidulum,
1013 3999 1088 4059 de
1131 4018 1248 4077 quo
1297 4018 1491 4059 sermo
1538 4002 1655 4073 est,
1709 3999 1986 4075 pertinet.
2055 3998 2148 4056 .In
2193 4001 2405 4074 quarto
2451 4014 2625 4057 versu

301 4090 506 4162 quoius
550 4090 756 4164 aperte
801 4088 1114 4165 genetivus
1152 4091 1262 4148 est.
1336 4087 1447 4148 Oui
1481 4088 1685 4149 versui
1719 4091 1892 4148 tanta
1927 4106 2062 4147 cum
2095 4086 2292 4146 tribus
2328 4085 2627 4162 prioribus

303 4176 630 4237 similitudo
674 4176 1017 4257 intercedit,
1079 4180 1149 4235 ut
1192 4177 1476 4236 Plautum
1530 4177 1593 4236 in
1636 4177 1710 4236 iis
1756 4195 1990 4254 quoque
2036 4177 2239 4249 quoius
2282 4174 2628 4252 genetivum

303 4285 433 4326 esse
479 4266 743 4326 voluisse
787 4266 1135 4327 existimem.
1209 4267 1458 4326 Accedit
1492 4266 1647 4342 quod
1685 4266 1935 4325 Plautus
1969 4264 2377 4341 possessivum
2422 4267 2625 4338 quoius

302 4357 541 4430 praeter
594 4357 964 4415 constantem
1016 4356 1375 4416 locutionem
1430 4357 1605 4428 quoia
1647 4372 1757 4415 vox
1800 4357 1926 4414 tam
1970 4369 2106 4414 raro
2156 4384 2229 4394 -—-—
2284 4357 2427 4413 sunt
2470 4354 2626 4412 enim

305 4443 420 4502 duo
449 4446 707 4512 ,tantum
758 4443 872 4503 loci
916 4446 1069 4509 Rud.
1115 4446 1245 4505 478
1294 4448 1356 4503 et
1400 4442 1583 4503 Stich.
1632 4445 1759 4505 370
1812 4475 1885 4485 --
1938 4442 2014 4501 ad
2058 4461 2174 4501 res=
2200 4442 2493 4501 inanimas
2538 4461 2626 4500 re-
