3009 4767
1279 224 1712 290 -59—

508 391 553 451 I.
623 391 870 452 Praeter
921 390 1250 470 disyllabas
1303 391 1526 451 formas
1581 390 1996 469 genetivorum
2049 393 2172 451 eius
2220 391 2394 452 huius
2447 390 2652 464 quoius

330 483 602 541 veterum
658 483 971 558 poetarum
1029 483 1297 557 tempore
1342 480 1524 559 etiam
1568 480 2016 558 monosyllabae
2070 481 2151 540 eis
2193 479 2324 544 huis
2369 480 2531 552 quvis
2576 475 2656 550 (ei

330 571 432 634 hm
474 570 633 646 quoi)
687 569 1108 647 pronuntiatae
1153 553 1704 648 frequentabantur.
1794 568 2210 647 Monosyllaba
2252 567 2445 629 forma
2478 585 2655 670 gene-

330 659 442 719 tivi
494 661 697 733 quoius
739 660 929 718 multo
978 658 1213 735 saepius
1261 677 1439 735 quam
1484 658 1783 736 disyllaba
1825 658 2159 733 dicebatur,
2222 656 2487 734 genetivi
2533 658 2656 716 cius

330 747 524 808 forma
573 747 814 809 brevior
866 747 930 806 in
982 748 1189 808 eodem
1242 748 1369 807 fere
1420 748 1486 807 in
1540 767 1656 824 quo
1710 747 1945 824 longior
1988 765 2101 807 usu
2146 748 2303 821 emt,
2356 747 2528 805 huius
2572 744 2657 803 di-

332 837 630 914 syllabum
673 837 1085 914 monosyllabo
1129 836 1294 898 illius
1342 837 1567 906 sacculi
1608 837 1864 900 Romani
1904 835 2113 913 utique
2156 834 2592 912 praeferebant.

509 944 588 1005 Π.
661 943 840 1020 Apud
899 943 1246 1004 Terentium
1304 961 1450 1004 usus
1508 943 1851 1004 breviorum
1906 942 2234 1002 formarum
2291 941 2485 1001 multo
2542 940 2657 999 fre-

292 1041 296 1045 '
332 1032 606 1110 quentior
659 1052 841 1110 quam
893 1032 1053 1109 apud
1106 1031 1391 1094 Plautum
1444 1035 1556 1093 est.
1647 1032 1865 1108 Quoius
1918 1031 2284 1109 disyllabum
2338 1029 2654 1090 Terentius

328 1139 626 1198 nusquam
669 1122 733 1182 in
775 1121 997 1186 fabulis
1043 1121 1379 1206 usurpavit.

508 1228 617 1288 III.
688 1229 935 1289 Formas
981 1229 1322 1290 decurtatas
1367 1231 1438 1289 ut
1480 1228 1546 1290 in
1590 1246 1860 1289 sermone
1902 1227 2172 1305 fuenmt,
2236 1227 2322 1294 sic
2366 1226 2550 1286 etiam
2594 1226 2659 1286 in

332 1315 627 1392 scriptura
672 1318 990 1379 sollemnes
1033 1316 1246 1392 fuisse,
1289 1314 1407 1380 nisi
1450 1318 1608 1394 quod
1654 1318 1941 1392 quoinwdi
1978 1316 2372 1390 scribebatur,
2421 1315 2656 1376 demon-

330 1406 513 1468 strari
554 1424 674 1468 non
717 1409 935 1483 potest.

504 1511 608 1572 IV.
683 1512 900 1588 Quoius
950 1514 1109 1574 moda
1160 1516 1503 1578 constanter
1557 1512 1841 1574 creticum
1889 1511 2079 1573 fuisse
2133 1530 2436 1590 unumque
2488 1530 2655 1572 voca-

329 1601 538 1661 bulum
574 1604 863 1677 quoimodi
899 1602 1162 1664 effecisse
1198 1603 1453 1664 videtur.
1518 1604 1718 1663 Huius
1751 1604 1907 1663 modi
1949 1602 2139 1663 multo
2186 1601 2424 1678 saepius
2470 1600 2657 1660 trium

331 1709 512 1767 quam
557 1692 842 1767 quattuor
887 1691 1256 1770 syllabarum
1302 1694 1458 1767 erat,
1503 1712 1613 1769 pro
1650 1711 1771 1752 uno
1806 1691 2095 1753 vocabulo
2140 1709 2261 1751 non
2304 1690 2656 1750 habebatur.

330 1779 419 1840 De
465 1782 588 1840 eius
629 1781 785 1840 modi
828 1780 976 1841 certi
1022 1780 1345 1858 quidquam
1390 1780 1507 1841 dici
1550 1780 1774 1859 nequit.

504 1886 579 1947 V.
650 1879 806 1948 Eius
860 1889 922 1947 et
964 1887 1137 1948 huius
1181 1890 1344 1949 certa
1387 1889 1645 1966 quadam
1689 1887 2026 1949 condicione
2070 1885 2475 1948 intercedente
2519 1905 2658 1964 pyr-

329 1973 625 2036 rhichium
668 1975 990 2052 aequantia
1033 1977 1195 2053 apud
1238 1977 1526 2037 Plautum
1573 1980 1634 2038 et
1679 1975 2024 2037 Terentium
2067 1994 2315 2053 perrara
2360 1978 2516 2036 sunt.

505 2081 610 2142 VI.
682 2080 1005 2144 Genetivos
1071 2084 1194 2143 cius
1254 2083 1427 2144 huius
1487 2085 1692 2157 quoius
1754 2086 2044 2161 oxytonos
2101 2082 2344 2143 eaedem
2395 2082 2657 2142 rationes

332 2174 646 2253 excusant,
691 2190 843 2251 quae
888 2171 1208 2233 cuiuslibet
1242 2172 1519 2235 vocabuli
1555 2171 1842 2234 trochaici
1878 2171 2246 2252 oxytonesim
2282 2171 2658 2253 permittunt.

1282 2418 1700 2426 Ἣ-

507 2617 674 2677 Inter
718 2636 817 2693 ea,
865 2635 1019 2694 quae
1062 2617 1128 2678 in
1172 2620 1364 2681 altera
1408 2619 1831 2696 disputationis
1875 2623 2049 2698 parte
2093 2619 2455 2697 invenimus,
2508 2618 2660 2679 nihil

333 2708 460 2766 tam
502 2706 721 2767 mirum
763 2706 1023 2784 videtur,
1070 2727 1249 2784 quam
1295 2710 1452 2788 quod
1497 2708 1687 2770 aetati
1712 2709 1915 2769 Plauti
1959 2712 2020 2771 et
2048 2709 2312 2770 Terentii
2355 2708 2659 2769 breviores

334 2796 745 2872 genetivorum
784 2798 908 2857 cius
941 2797 1116 2857 hwius
1149 2801 1354 2871 quoius
1389 2799 1618 2858 formae
1654 2801 1966 2876 tantopere
2001 2797 2352 2875 placuerint,
2394 2801 2466 2857 ut
2500 2797 2661 2858 vitae

334 2883 664 2944 cotidianae
702 2883 1066 2947 consuetudo
1102 2887 1583 2965 monosyllabum
1610 2889 1783 2948 husius
1808 2886 1907 2948 vel
1940 2888 2199 2947 maxime
2233 2887 2658 2964 frequentaret,

333 2973 759 3050 monosyllabis
816 2976 1017 3035 autem
1077 2977 1201 3036 eius
1255 2978 1318 3036 et
1362 2978 1567 3051 quoius
1619 2977 1723 3037 illo
1767 2977 2020 3053 pariter,
2082 2976 2194 3037 hoc
2240 2975 2420 3036 etiam
2464 2975 2660 3052 magis

330 3080 510 3138 quam
545 3061 844 3142 disyllaba
878 3063 1195 3140 utriusque
1229 3065 1596 3140 pronominis
1631 3066 1823 3126 forma
1859 3068 2149 3129 uteretur.
2218 3064 2430 3140 Neque
2464 3063 2660 3124 minus
2714 3103 2719 3110 ·

328 3150 668 3211 mirandum
714 3155 835 3227 est,
881 3152 1039 3229 quod
1083 3171 1228 3213 usus
1272 3153 1376 3213 ille
1420 3154 1762 3215 breviorum
1806 3154 2134 3215 formarum
2179 3154 2369 3214 altero
2414 3152 2659 3214 dimidio

331 3241 486 3301 sexti
540 3259 592 3300 a.
642 3241 715 3301 U.
763 3260 810 3301 c.
871 3242 1096 3302 saeculi
1152 3242 1334 3302 etiam
1393 3242 1662 3304 increvit.
1761 3243 2077 3304 Terentius
2138 3244 2294 3303 enim
2356 3242 2660 3303 breviores

332 3330 577 3406 formae,
644 3349 823 3406 quam
876 3330 1168 3391 rationem
1225 3332 1406 3393 etiam
1459 3332 1524 3391 in
1576 3331 1785 3393 formis
1838 3331 2103 3410 genetivi
2145 3330 2510 3408 pronominis
2564 3332 2662 3392 ille

328 3418 690 3495 usurpandis
747 3421 1020 3479 secutum
1066 3440 1203 3479 eum
1249 3439 1380 3481 esse
1424 3421 1707 3496 vidimus,
1753 3420 1819 3481 in
1861 3440 1976 3482 usu
2020 3421 2212 3481 multo
2257 3419 2660 3497 frequentiore

326 3525 507 3583 quam
543 3507 795 3568 Plautus
832 3507 1035 3572 habet.
1095 3509 1443 3588 Insequenti
1488 3510 1699 3571 deinde
1736 3513 2019 3587 tempore,
2064 3512 2383 3588 postquam
2418 3512 2661 3570 auctore

327 3596 520 3656 Ennio
566 3615 676 3673 pro
721 3596 966 3657 licentia
1010 3597 1141 3673 illa,
1189 3617 1369 3676 quam
1404 3597 1481 3658 ad
1518 3599 1582 3659 id
1616 3603 1854 3676 tempus
1892 3619 2027 3660 cum
2063 3597 2489 3660 consuetudine
2533 3599 2661 3658 vul-

323 3685 457 3761 gari
511 3687 728 3761 poetae
782 3705 1017 3763 quoque
1082 3687 1198 3747 sibi
1252 3690 1658 3764 sumpserant,
1723 3707 1918 3749 sermo
1969 3691 2283 3765 poetarum
2337 3688 2412 3748 ad
2467 3689 2661 3748 certas

325 3774 588 3835 rationes
625 3775 896 3835 revocari
923 3778 1169 3852 coeptus
1199 3780 1308 3851 est,
1337 3776 1522 3836 etiam
1548 3777 1959 3854 monosyllaba
1985 3778 2399 3854 genetivorum
2420 3775 2664 3837 illorum

324 3881 604 3923 mensura
672 3864 867 3942 magis
926 3864 1239 3942 magisque
1298 3866 1615 3927 evanuisse
1672 3865 1929 3927 videtur.
2039 3867 2254 3943 Itaque
2324 3866 2662 3942 insequenti

323 3954 592 4028 tempore
650 3970 897 4029 perrara
943 3954 1213 4030 exempla
1256 3955 1673 4031 genetivorum
1716 3954 2266 4032 monosyllabarum
2308 3954 2660 4016 invenimus.

321 4040 547 4101 Prioris
594 4040 826 4100 dimidii
870 4042 1111 4118 septimi
1157 4061 1210 4102 a.
1239 4043 1312 4103 U.
1341 4062 1388 4105 c.
1427 4043 1651 4104 saeculi
1697 4045 2030 4145 exemplum
2074 4043 2509 4121 Lachmannus,
2554 4044 2661 4120 qui

323 4148 422 4190 eos
473 4130 638 4191 locos
685 4128 762 4189 ad
807 4129 981 4192 Lucr.
1030 4131 1063 4190 I
1112 4134 1235 4191 149
1283 4123 1368 4212 (p.
1419 4125 1531 4214 26)
1578 4132 1902 4210 congessit,
1947 4132 2011 4191 in
2054 4133 2399 4194 hexametro
2444 4132 2661 4193 Lucilii

318 4218 619 4400 ἷΝὲιιιίό)
657 4238 716 4296 p.
762 4219 893 4280 320
939 4220 1002 4279 et
1047 4221 1174 4281 366
1235 4223 1470 4282 servato
1516 4221 1694 4283 affert
1737 4216 1869 4302 (lib.
1913 4221 2095 4299 XXX,
2143 4223 2225 4282 56
2274 4222 2373 4298 M.
2425 4241 2482 4284 v.
2530 4223 2658 4283 934

369 4325 440 4368 ac
482 4327 543 4366 m

640 4410 828 4476 Omns
871 4413 1045 4474 vultu
1089 4432 1160 4475 ac
1205 4414 1382 4496 facie,
1426 4415 1570 4480 ludo
1615 4435 1685 4479 ac
1728 4415 2104 4480 sermonibus
2147 4415 2394 4480 nostris.
