3009 4767
1255 228 1686 293 „25-

304 397 432 457 Hoc
476 398 603 457 loco
649 415 1008 473 quamquam
1043 395 1285 456 brevior
1328 395 1644 472 genetivus
1688 394 1875 454 fuisse
1918 396 2136 471 potest,
2182 396 2386 454 tamen
2421 392 2639 456 utr‘itzs-

302 505 410 561 que
455 487 582 546 sine
628 487 755 546 ulla
799 486 1121 546 offensione
1168 488 1276 560 est,
1321 485 1677 563 praesertim
1713 503 1845 543 cum
1875 483 2056 543 etiam
2085 484 2277 543 multo
2304 485 2638 559 posteriore

304 578 573 652 tempore
617 575 926 636 Phaedrus
984 578 1045 636 et
1090 574 1315 635 Seneca
1368 573 1433 633 in
1478 573 1726 634 senariis
1773 574 2020 633 eandem
2065 591 2409 633 mensuram
2455 574 2639 633 admi·

307 665 496 725 serint
542 656 626 742 (v.
671 664 954 724 Bit-schel.
1001 683 1095 742 op.
1138 665 1201 724 II
1248 656 1424 745 694).
2386 687 2390 694 ·

483 753 989 814 Pronominalium
1033 755 1232 814 nullus
1275 755 1434 814 solus
1479 757 1627 813 totus
1661 754 1819 813 ullus
1852 756 2088 826 uterque
2131 751 2399 829 genetivi
2442 752 2507 811 in
2542 760 2640 814 ius

308 843 606 903 terminati
648 860 768 903 non
813 846 1035 904 extant.
1096 843 1266 903 Nulli
1301 837 1552 916 duobuS,
1598 844 1709 903 soli
1744 844 1844 902 toti
1876 842 1986 901 ulli
2031 841 2286 919 singulis
2324 841 2488 915 lociS,
2531 845 2641 902 uni

307 935 399 992 ter
455 932 735 1009 usurpari
792 932 1145 993 invenimus
1239 931 1388 991 Cum
1446 931 1764 1009 genetivus
1822 916 2008 991 um‘us
2069 931 2160 991 bis
2219 933 2494 991 occurrat
2554 924 2637 1011 (v.

304 1041 488 1098 supra
531 1042 587 1098 p.
634 1019 732 1102 8),
792 1022 1045 1082 formam
1099 1021 1435 1082 breviorem
1482 1024 1545 1080 et
1588 1021 1919 1122 longiorem
1965 1020 2135 1080 iuxta
2180 1021 2242 1079 in
2287 1039 2402 1079 usu
2448 1021 2636 1080 fuisse

302 1112 558 1171 fortasse
613 1111 879 1174 conicere
932 1112 1089 1173 licet.
1191 1110 1564 1186 Quamquam
1620 1111 1694 1174 in
1736 1109 2083 1170 universum
2147 1110 2460 1170 dicendum
2515 1112 2638 1186 est,

303 1219 410 1260 nos
454 1219 531 1260 ne
574 1201 795 1260 nodum
839 1201 904 1259 in
948 1202 1140 1277 scirpo
1187 1218 1475 1277 quaerere
1520 1200 1847 1273 videamur,
1892 1218 2171 1259 numeros
2217 1201 2344 1259 tam
2390 1198 2637 1276 exiguos

305 1308 428 1350 non
469 1289 647 1350 nimis
693 1290 929 1352 exiliter
973 1291 1050 1351 ad
1095 1290 1354 1352 calculos
1399 1307 1614 1349 vocare
1660 1288 1896 1349 debere.

904 1503 1014 1563 III.
1103 1504 1201 1564 De
1245 1503 1588 1580 genetivo
1637 1495 2037 1562 ‘alterius’.

480 1629 569 1689 De
613 1629 893 1706 genetivo
939 1630 1178 1692 alterius
1224 1628 1328 1704 qui
1371 1647 1547 1705 unus,
1593 1647 1729 1687 cum
1774 1627 1958 1686 ceteri
2002 1625 2267 1703 genetivi
2302 1625 2488 1685 trium
2525 1628 2643 1703 syl-

307 1719 581 1778 labarum
620 1719 757 1796 sirit,
795 1720 1081 1795 quattuor
1117 1716 1317 1791 habet,
1356 1737 1490 1776 cum
1525 1715 1891 1777 Ritschelius
1929 1735 2023 1791 op.
2049 1715 2109 1774 Π
2148 1717 2272 1775 663
2297 1734 2376 1776 SS.
2416 1717 2542 1774 667
2567 1734 2644 1775 ss,

309 1810 435 1867 694
467 1827 543 1868 ss.
590 1812 717 1868 tam
762 1808 946 1868 ubere
992 1810 1247 1882 tamque
1281 1809 1559 1866 accurate
1605 1806 1814 1882 egerit,
1859 1807 1929 1864 ut
1967 1805 2157 1864 omnis
2196 1824 2375 1881 quam
2420 1804 2493 1863 de
2539 1824 2641 1881 ge-

306 1896 524 1957 netivis
578 1898 643 1956 in
696 1900 792 1957 ius
845 1895 1254 1957 desinentibus
1309 1896 1576 1955 instituit
1621 1893 1950 1971 disputatio
1997 1896 2072 1954 ab
2119 1893 2230 1952 hac
2273 1892 2468 1952 forma
2512 1913 2644 1970 pro-

308 1986 668 2046 ficisceretur
712 1987 776 2046 et
819 1986 895 2045 ad
933 1985 1182 2046 eandem
1218 1985 1460 2062 rediret,
1505 1983 1638 2044 fieri
1671 2002 1791 2043 non
1825 1985 2042 2060 potest,
2079 1983 2223 2059 quin
2259 1984 2468 2042 nostra
2503 2002 2645 2059 quo-

308 2095 421 2152 que
467 2076 794 2152 disputatio
840 2075 903 2134 in
946 2075 1022 2135 iis
1069 2094 1222 2151 quae
1268 2074 1361 2134 vir
1406 2069 1787 2134 doctissimus
1831 2072 2143 2149 indagavit
2189 2072 2543 2148 acquiescat.

486 2164 794 2225 Genuinae
838 2163 1151 2244 prosodiae
1197 2149 1446 2224 alterius
1491 2164 1639 2223 haec
1686 2161 1956 2239 exempla
1993 2163 2168 2230 sunt:

406 2246 503 2334 1)
519 2254 591 2313 Ιιι
634 2273 814 2314 versu
860 2254 1076 2314 cretico
1125 2252 1260 2313 Ter.
1306 2251 1491 2312 Andr.
1542 2253 1689 2312 628.

624 2338 889 2422 A'lterius
933 2380 1042 2421 sua
1086 2364 1156 2420 ut
1201 2362 1546 2437 comparent
1591 2340 1942 2444 commoda?
1988 2360 2083 2419 ah.

402 2445 471 2533 2)
516 2450 692 2514 Publ.
739 2450 871 2528 Syr.
920 2451 1003 2511 50
1031 2442 1128 2509 ΒΡ.

623 2540 730 2601 Bis
780 2543 872 2600 est
916 2540 1066 2599 mori
1113 2523 1363 2599 alterzus
1408 2538 1659 2598 arbitrio
1706 2525 1877 2598 mori.

307 2630 536 2690 Versus
584 2629 687 2706 qui
733 2633 826 2689 est
870 2630 933 2687 in
960 2629 1305 2706 Appendice
1352 2627 1797 2688 Sententiarum
1842 2626 2088 2686 Publilii
2134 2624 2270 2703 Syri
2317 2627 2477 2702 apud
2505 2626 2643 2685 Rib-

306 2719 581 2779 beckium
642 2721 792 2779 197:
868 2719 1084 2794 Turpis
1142 2718 1395 2778 tristitia
1451 2719 1514 2777 in
1573 2717 1823 2777 dlterius
1867 2715 2257 2790 commodost,
2321 2719 2390 2775 ut
2443 2734 2647 2776 omnes

310 2809 584 2885 fortasse,
631 2808 734 2884 qui
780 2824 852 2866 ea
897 2808 958 2866 in
1004 2808 1278 2885 congerie
1325 2809 1468 2867 sunt
1513 2813 1742 2880 versus,
1785 2808 1913 2864 tam
1948 2804 2212 2864 incertae
2249 2804 2497 2881 originis
2537 2808 2647 2883 est,

312 2899 382 2955 ut
426 2917 561 2956 eum
603 2897 941 2958 nominasse
980 2897 1127 2956 satis
1166 2898 1258 2956 sit.
1322 2896 1686 2955 Ritschelius
1722 2912 2065 2954 mensuram
2102 2894 2343 2954 alterius
2376 2896 2648 2954 veterum

310 2987 622 3062 poetarum
687 2986 1085 3047 scaenicorum
1150 2988 1417 3062 tempore
1470 2985 1535 3043 in
1588 3003 1701 3044 usu
1755 2984 1944 3043 fuisse
1995 2975 2182 3042 etiam
2234 2982 2411 3042 Ennii
2467 3002 2648 3043 versu

311 3094 382 3135 ex
436 3075 588 3135 libro
642 3076 730 3134 VI
784 3074 1136 3135 Saturarum
1192 3077 1430 3151 sumpto
1485 3066 1675 3154 (apud
1727 3073 1939 3133 Donat.
1996 3072 2072 3132 ad
2123 3070 2257 3130 Ter.
2301 3072 2540 3133 Phorm.
2588 3072 2649 3131 II

313 3166 370 3239 2,
418 3166 498 3225 25
541 3190 624 3212 =
664 3163 916 3224 Vahlen.
964 3165 1074 3224 sat.
1121 3164 1227 3225 rel.
1271 3184 1326 3224 v.
1375 3165 1457 3223 29
1504 3184 1564 3240 p.
1614 3156 1773 3241 158)
1819 3161 2063 3239 probat:

629 3251 768 3313 Mox
816 3254 959 3313 dum
1004 3254 1244 3314 deterius
1290 3252 1623 3329 abligurias
1668 3251 1841 3312 Bona.

486 3342 831 3402 Mensuram
875 3339 1119 3403 alffius
1161 3361 1296 3401 cum
1343 3344 1485 3402 olim
1530 3341 1894 3402 Ritschelius
1941 3339 2019 3399 ad
2063 3338 2391 3400 Publilium
2429 3337 2648 3417 Syrum

307 3450 426 3493 non
463 3431 773 3492 admiserit
808 3424 890 3511 (v.
929 3451 1020 3508 op.
1048 3431 1108 3490 H
1139 3433 1264 3491 662
1296 3450 1373 3491 ss‚
1415 3431 1540 3492 667
1573 3423 1697 3512 ss,‚)
1734 3449 1890 3490 nunc
1925 3430 2253 3490 formarum
2284 3426 2453 3489 illius
2477 3425 2650 3489 istius

238 3563 245 3570 -
309 3519 543 3582 ratione
599 3521 808 3581 habita
863 3521 917 3581 ei
972 3521 1238 3581 concedit
1290 3514 1359 3602 (l.
1403 3521 1445 3582 l.
1494 3521 1574 3580 69
1585 3511 1668 3600 7)
1757 3519 1889 3595 Ego
1946 3536 2305 3595 quamquam
2351 3536 2472 3578 non
2515 3517 2649 3595 pari

310 3613 492 3687 atque
536 3609 898 3670 Ritschelius
945 3609 1328 3669 multitudine
1373 3605 1781 3685 exemplorum
1832 3605 1998 3668 z'lh‘us
2041 3603 2215 3668 istius
2266 3607 2648 3683 probantium

310 3703 474 3770 utor,
542 3698 762 3776 quippe
827 3698 931 3775 qui
987 3718 1086 3759 eos
1143 3699 1456 3776 genetivos
1513 3697 1901 3757 tribrachicos
1957 3699 2490 3773 proparoxytonos·
2530 3714 2649 3756 non

311 3789 655 3866 admittam,
709 3790 914 3848 tamen
967 3787 1040 3847 de
1094 3788 1371 3864 prosodia
1422 3785 1532 3847 illa
1574 3785 1818 3846 minime
1863 3783 2089 3845 dubito.
2179 3785 2447 3844 Primum
2491 3785 2650 3845 enim

310 3878 583 3954 exempla
627 3877 921 3954 quaedam
969 3877 1172 3938 cretici
1216 3879 1402 3951 illius,
1458 3875 1673 3935 ultima
1719 3875 1957 3952 syllaba
2000 3874 2297 3951 positione
2341 3875 2649 3951 producta,

312 3970 575 4042 manent,
612 3986 866 4043 quorum
904 3965 1231 4027 similitudo
1268 3966 1451 4026 etiam
1486 3961 1730 4025 alterius
1749 3964 2077 4041 ¹probabile
2114 3961 2327 4023 reddit.
2372 3963 2648 4023 Alterum

312 4058 514 4116 autem
560 4058 623 4116 et
665 4056 911 4132 gravius
958 4059 1075 4130 est,
1136 4055 1292 4131 quod
1338 4054 1646 4114 Phaedrus
1702 4056 1764 4113 et
1808 4053 2033 4115 Seneca
2078 4069 2362 4112 mensura
2407 4050 2651 4113 altar-{us

313 4146 408 4205 usi
455 4148 621 4222 sunt3
683 4146 955 4221 exempla
999 4144 1363 4205 Ritschelius
1411 4163 1502 4220 op
1550 4143 1609 4201 Π
1661 4145 1787 4203 696
1836 4142 2152 4221 congessit.
2242 4141 2423 4218 Apud
2469 4140 2647 4202 Sene-

314 4253 443 4293 cam
498 4237 700 4295 autem
757 4235 940 4294 ceteri
991 4235 1055 4294 in
1107 4236 1202 4294 ius
1255 4233 1596 4293 desinentes
1652 4232 1945 4310 genetivi,
2010 4233 2255 4306 excepto
2300 4250 2420 4292 uno
2466 4231 2649 4291 etiam

312 4326 631 4397 umus-que,
675 4324 945 4384 litteram
988 4326 1011 4383 i
1055 4321 1209 4400 quae
1253 4322 1693 4426 paenultimam
1732 4321 1916 4382 efficit
1959 4322 2080 4381 iam
2126 4315 2469 4381 constanter
2513 4337 2648 4397 pro-

314 4411 557 4472 ducunt.
645 4412 717 4473 In
775 4412 966 4489 primo
1026 4412 1246 4473 senarii
1307 4412 1459 4488 pede
1519 4414 1614 4471 est
1669 4395 1865 4487 ipsius
1921 4410 2097 4474 Herc.
2140 4411 2257 4474 fur.
2304 4411 2451 4472 484.
2499 4411 2648 4473 485.
