3009 4767
1253 244 1645 307 ..9,-

286 415 541 473 fortasse
596 412 669 473 A.
714 410 961 471 Luchsii
1014 409 1481 485 disputationem
1535 409 1826 469 ineditam.
1878 401 1961 490 (v.
2017 428 2201 485 supra
2253 429 2312 486 p.
2360 413 2398 469 3
2451 402 2621 490 adn.)

285 504 540 562 secutus·
596 535 601 542 ,
632 500 1038 561 Conferendae
1081 499 1263 559 etiam
1311 502 1453 558 sunt
1497 499 1755 575 paginae
1804 501 1884 559 63
1916 517 1993 559 00.
2037 497 2368 575 Spengelii,
2424 498 2493 559 T.
2538 499 2620 558 M.

285 592 479 653 Planta
568 591 759 652 Locos
804 608 845 650 a
874 588 1190 649 Gor-sseno.
1231 589 1271 650 1.
1315 588 1356 646 l.
1412 588 1489 648 ad
1545 605 1787 648 causam
1839 607 2010 649 suam
2053 587 2489 648 defendendam
2534 588 2620 647 al-

284 682 440 741 latos
485 680 605 740 iam
639 680 961 757 Langenus
1000 679 1039 738 l.
1067 679 1107 738 1.
1134 677 1378 737 minime
1422 677 1541 737 hue
1581 678 1885 753 pertinere
1922 676 2375 737 demonstravit.
2446 675 2622 737 Alios

284 771 440 830 locos
453 817 468 844 ,
528 770 746 846 quibus
796 785 1141 828 mensnram
1192 767 1362 826 illam
1407 770 1516 826 aut
1555 767 1702 827 libri
1745 768 2037 843 praebent
2078 769 2185 826 aut
2229 765 2488 826 editores
2533 767 2620 825 in—

285 860 580 934 tulerunt,
638 856 1117 918 GFGMuellerus
1168 855 1557 932 conquisivit,
1621 875 1771 934 quos
1823 874 2029 917 omnes
2084 855 2188 915 ille
2231 858 2467 916 mutare
2512 859 2622 915 aut
2723 861 2732 874 “

284 952 444 1008 certe
486 949 552 1007 in
596 947 1030 1008 dubitationem
1075 965 1290 1007 vocare
1334 949 1600 1005 conatur.
1911 975 1916 980 ·
2150 975 2174 996 .·
2370 952 2391 982 '

258 1035 265 1046 '
432 1037 579 1096 ‚Sed
624 1056 984 1114 quamquam
1028 1035 1190 1095 haud
1234 1035 1409 1111 pauci
1465 1035 1705 1095 illorum
1749 1053 2038 1095 versuum·
2076 1034 2293 1094 merito
2338 1034 2619 1110 suspicio-

287 1147 421 1187 nem
465 1129 728 1201 mov-ent,
772 1128 975 1185 tamen
1019 1124 1290 1196 nonnulli
1326 1125 1577 1198 restant,
1624 1124 1732 1201 qui
1756 1123 2032 1184 Muelleri
2067 1123 2439 1200 argumentis
2485 1142 2622 1182 con.-

284 1217 426 1278 veHi
468 1231 588 1277 non
631 1218 901 1292 possunt.
972 1213 1408 1294 Firmissimam
1444 1214 1649 1275 sedem
1684 1214 1781 1274 z'lle
1815 1213 1980 1274 hisce
2002 1213 2070 1274 in
2095 1213 2368 1274 versibus
2397 1212 2624 1273 habere

287 1306 431 1365 mihi
476 1305 743 1366 videtur:
1494 1327 1499 1332 ·

378 1406 443 1494 1)
492 1412 656 1473 Trin.
706 1414 853 1472 853.

602 1498 650 1579 1‘
654 1520 728 1579 lle
770 1518 874 1595 qui
917 1537 1013 1577 me
1059 1518 1366 1618 conduxit,
1414 1517 1521 1586 ubi
1567 1517 1871 1593 conduxit,
1918 1517 2169 1577 abduxit
2215 1519 2469 1578 domum
2532 1510 2617 1600 (v.

308 1683 312 1694 ἢ
394 1617 398 1621 “
1559 1608 1830 1672 Mueller.
1875 1628 1931 1683 p.
1981 1598 2159 1689 428).

377 1692 450 1781 2)
496 1698 621 1766 Mil
671 1697 815 1757 262.

601 1785 758 1846 Nam
809 1786 910 1846 ille
962 1805 1080 1845 non
1134 1775 1332 1862 potuit
1385 1791 1532 1863 quin
1589 1805 1860 1846 sermone
1906 1805 2013 1846 suo
2061 1786 2319 1862 aliquem
2367 1785 2624 1846 familia

1562 1876 1719 1935 rium
1764 1867 1848 1957 (v.
1896 1874 2166 1936 Mueller.
2212 1867 2390 1956 428).

376 1959 445 2048 3)
490 1965 818 2026 Ε1111.228
848 1956 945 2025 R'.

602 2071 722 2154 ¹Ille
767 2075 1040 2132 traversa
1082 2076 1282 2133 mente
1326 2072 1410 2131 mi
1456 2068 1662 2133 11οᾶ10
1680 2071 1933 2133 tradidit
1977 2073 2271 2148 repagula
2316 2062 2412 2152 (v.
2416 2071 2618 2134 Muell.

390 2211 395 2222 ,
1979 2182 2038 2238 p.
2077 2153 2257 2243 427).

289 2253 405 2311 Vix
450 2252 646 2314 minus
694 2251 841 2311 certi
888 2253 1053 2314 sunt:

381 2334 454 2423 4)
500 2340 641 2401 Au1
685 2340 774 2398 1v
821 2341 882 2415 4,
930 2343 1030 2400 29.

506 2431 509 2434 ’
600 2429 760 2490 Perii
802 2429 1019 2506 hercle,
1063 2430 1164 2492 ille
1206 2448 1363 2492 nunc
1407 2432 1571 2489 intus
1617 2428 1841 2491 turbat.
1931 2429 2106 2489 Hunc
2153 2430 2205 2489 si
2251 2431 2478 2500 amitto,
2525 2430 2623 2490 hic

1558 2518 1778 2588 abierit
1817 2510 1903 2599 (v.
1948 2518 2219 2582 Mueller.
2270 2521 2396 2579 336
2429 2512 2522 2597 0..)
2619 2589 2624 2594 ,

377 2600 447 2689 5)
492 2601 710 2670 Bacch.
758 2607 905 2688 886.

602 2697 685 2755 Et
731 2701 841 2774 ego
888 2700 949 2757 te
996 2700 1059 2756 et
1101 2698 1203 2757 ille
1247 2700 1577 2757 mactamus
1622 2697 1948 2757 infortunio
1994 2688 2076 2777 (v.
2121 2698 2394 2790 Mueller.
2444 2689 2620 2779 332).

384 2778 453 2868 6)
500 2786 656 2846 Men.
702 2787 852 2862 prol.
901 2789 1001 2848 57.

424 2956 452 3044 )
602 2875 1082 2951 Epidamniensis
1120 2877 1224 2936 ille
1259 2895 1436 2952 quem
1473 2875 1698 2935 dudum
1725 2875 1990 2936 dixeram
2026 2869 2111 2957 (v.
2141 2873 2345 2984 Μ11011.
2377 2877 2505 2936 336
2528 2867 2622 2957 0.).

386 2968 421 3025 7
497 2963 624 3026 Μ11.
671 2966 817 3026 830.
891 2975 897 2990 ’

603 3053 775 3130 Nego
811 3054 1010 3114 hercle
1045 3073 1205 3129 vere,
1230 3073 1371 3114 nam
1404 3056 1505 3115 ille
1538 3074 1635 3114 me
1671 3055 1868 3115 votuit
1894 3054 2107 3115 dicere.
2119 3046 2420 3133 (v.Mue11.
2441 3047 2616 3135 335).

234 3181 247 3194 ¹
289 3161 555 3222 Terentii
599 3171 755 3220 unus
801 3173 1012 3222 versus
1059 3163 1169 3238 est,
1217 3154 1287 3242 8)
1333 3162 1483 3221 Ε1111.
1534 3163 1659 3222 618
1708 3155 1792 3242 (v.
1837 3161 2043 3221 Muell.
2092 3155 2275 3242 338):

326 3279 331 3286 ·
506 3297 510 3304 .
604 3250 861 3312 Militem
893 3253 1088 3328 rogat,
1134 3252 1206 3310 ut
1239 3250 1411 3313 illum
1449 3251 1690 3314 admitti
1714 3251 1935 3326 iubeat,
1981 3253 2088 3311 ille
2114 3249 2393 3314 continuo
2423 3251 2618 3310 irasci.

285 3355 596 3417 Accedunt
640 3373 744 3416 sex
787 3356 919 3430 loci,
962 3356 1184 3433 quibus
1229 3357 1500 3418 omnibus
1547 3357 1785 3417 initium
1831 3358 1952 3417 mic
1976 3358 2109 3417 1ιὺηο
2135 3358 2278 3419 dbiit
2311 3373 2623 3417 commune

286 3449 406 3508 est:
453 3445 593 3505 Aul.
639 3445 699 3505 II
747 3448 805 3519 2,
853 3443 1103 3521 873111
1148 3449 1208 3521 4,
1240 3449 1306 3524 13
1352 3444 1524 3522 Capt.
1557 3449 1711 3524 901,
1758 3446 1929 3522 Epid.
1959 3446 2076 3520 11,
2109 3447 2219 3524 753
2265 3446 2438 3507 Per&
2463 3448 2620 3523 200,
2653 3483 2666 3496 -

287 3536 469 3596 Poen.
514 3534 604 3593 IV
652 3537 710 3610 2,
758 3535 840 3595 95
889 3525 973 3614 (v.
1020 3535 1291 3596 Mueller.
1338 3528 1516 3617 428).
1588 3535 1798 3596 Multis
1844 3535 1989 3596 10010
2036 3534 2251 3611 quibus
2297 3554 2624 3611 pronomen

285 3627 408 3686 taio
433 3643 550 3685 vox
586 3643 624 3683 a
658 3623 903 3683 vocali
887 3623 1175 3700 mcipiens
1210 3625 1503 3702 sequitur,
1541 3625 1869 3685 Muellerus
1903 3626 2004 3685 oue
2038 3624 2245 3686 scribit
2272 3615 2356 3704 (p.
2374 3626 2504 3684 428
2528 3619 2621 3704 0.).

289 3714 514 3774 Tamen
570 3712 847 3790 inprimis
896 3719 1000 3772 sex
1053 3712 1176 3773 11110
1238 3714 1382 3774 10010
1427 3716 1738 3789 permotus
1783 3714 1979 3773 facere
2023 3733 2143 3774 non
2187 3716 2416 3789 potest,
2479 3714 2625 3789 quin

286 3821 449 3864 num
478 3801 692 3862 Plauto
746 3819 1028 3862 mensura
1080 3803 1201 3863 taio
1253 3802 1652 3863 abiudicanda
1703 3802 1784 3863 sit
1827 3801 2081 3865 dubitet.
2170 3802 2301 3878 Ego
2346 3803 2623 3863 omnibus

284 3893 408 3953 illis
453 3890 728 3952 versibus
774 3890 1124 3951 examinatis
1170 3891 1454 3951 Plautum
1498 3893 1598 3952 ille.
1640 3895 1703 3951 et
1746 3893 1867 3952 illic
1909 3912 2019 3968 pro
2054 3890 2418 3968 pyrrhichiis
2454 3910 2622 3952 usur

285 4000 465 4060 passe
508 3999 628 4040 non
672 3980 867 4040 ausim
910 3999 1153 4057 negare.
1224 3980 1340 4040 Sed
1385 3981 1530 4040 licet
1565 3978 1818 4040 Plautus
1855 3981 1920 4040 in
1955 3980 2293 4057 quindecim
2335 3980 2461 4040 fere
2498 3981 2622 4041 illis

285 4071 560 4133 versibus
607 4069 704 4129 ille
749 4071 810 4130 et
855 4070 975 4129 illic
1017 4069 1347 4147 pyrrhichii
1389 4071 1520 4130 1000
1549 4070 1833 4147 posuerit,
1879 4070 2022 4131 licet
2066 4068 2250 4150 etiam
2293 4069 2438 4131 10010
2485 4071 2621 4146 plus

285 4160 543 4263 triginta
588 4159 862 4218 omnibus
908 4177 946 4217 a
989 4159 1279 4219 Muellero
1327 4159 1530 4219 allatis
1577 4158 1784 4218 eadem
1828 4177 2109 4220 mensura
2151 4175 2297 4219 vera.
2341 4147 2620 4219 011111111-

283 4251 444 4312 nime
488 4247 535 4306 11
578 4231 814 4307 numeri
857 4267 952 4307 me
989 4251 1247 4310 movent.
1318 4248 1393 4307 In
1419 4248 1769 4322 Mercatore,
1804 4248 2005 4325 Persa,
2040 4245 2359 4323 Pseudulo,
2398 4246 2624 4330 Sticho,

291 4338 668 4412 Trinummo,
732 4355 880 4413 quas
943 4336 1008 4395 in
1070 4337 1306 4398 fabulas
1370 4357 1655 4398 versuum
1719 4357 1901 4414 supra
1960 4329 2443 4400 enumeratorum
2501 4337 2622 4404 duo

291 4420 487 4508 (Pers.
535 4428 680 4490 200.
726 4425 890 4488 Tria.
919 4418 1083 4508 853)
1124 4427 1362 4503 cadunt,
1406 4446 1548 4490 non
1571 4426 1762 4490 multo
1807 4427 2004 4494 minus
2050 4428 2307 4490 ducenta
2350 4428 2624 4508 exempla.
