3009 4767
383 413 413 472 Ι
451 415 577 474 227
616 405 737 495 Η..)
809 413 1012 473 Etiam
1055 413 1283 472 Marius
1329 412 1671 474 Victorinus
1717 436 1775 492 p.
1807 418 1843 474 9
1877 415 1934 473 H
1974 418 2297 490 ymetivum
2340 433 2584 476 casm.

382 507 636 564 veteres.
754 504 983 564 amni
1028 503 1302 563 dimerunt
1340 504 1548 563 tradit.
1603 504 1867 566 Plautus
1908 504 1971 564 in
2014 505 2380 565 Truculento
2404 498 2493 584 (ΙΙ
2524 509 2579 580 2,
2603 462 2716 585 38)

381 594 585 652 coloris
646 593 755 652 ulli
805 610 912 669 pro
966 593 1146 654 ullius
1202 593 1520 669 usurpavit
1575 585 1785 674 (Prisc.
1829 593 1860 652 I
1906 595 2034 653 227
2066 612 2110 653 S.
2160 587 2336 675 266).
2436 594 2555 654 Um·
2606 615 2714 672 pro

378 684 556 742 zmius
602 681 861 741 Titinius
916 681 980 740 in
1022 680 1289 741 Barbato
1346 681 1498 740 dixit
1542 673 1757 784 (Prisc.
1801 684 1832 741 I
1880 685 2026 743 227.
2074 675 2262 762 266)·
2317 701 2569 757 namque
2610 686 2717 745 vimi

262 810 268 819 ι
379 773 580 846 collem
616 788 835 838 smnus,
880 769 1109 856 pariter
1153 774 1253 831 tots·
1295 769 1585 831 Afranius
1629 771 1693 831 in
1729 771 2023 848 Suspecta
2047 763 2261 873 (Prisc.
2289 773 2320 832 I
2347 775 2496 834 227.
2528 765 2716 855 266)-

377 862 520 922 adeo
552 861 620 920 ut
654 864 706 919 te
738 862 924 920 salias
960 860 1185 935 cdperct
1219 862 1320 920 toti
1353 861 1635 934 fdmiliae,
1684 860 1833 921 Cato
1878 861 1942 919 in
1984 861 2175 937 primo
2212 861 2515 937 originum
2559 863 2716 922 libro

377 952 491 1011 soli
530 950 709 1009 Lucii
750 950 999 1010 Mwniliz·
1045 940 1258 1030 (Prisc.
1287 949 1318 1009 Ι
1348 951 1494 1011 227.
1526 942 1700 1030 266).
1790 950 2214 1016 Pronominum
2257 950 2546 1026 ipsorum·
2569 952 2717 1011 haec

378 1040 649 1116 exempla
694 1041 859 1099 sunt:
905 1038 996 1098 im
1037 1039 1195 1100 modi
1240 1036 1389 1099 Cato
1435 1038 1676 1114 scripsit
1711 1032 1928 1119 (Prisc.
1955 1040 1984 1098 Ι
2015 1031 2190 1120 228),
2234 1039 2394 1102 idem
2429 1042 2529 1101 isti
2561 1043 2717 1104 modi

377 1120 591 1207 (Prisc.
636 1128 667 1188 Ι
714 1123 897 1204 228),
955 1129 1072 1201 ipsi
1114 1147 1222 1204 pro
1266 1130 1454 1202 {psius
1497 1127 1784 1190 Afranius
1829 1128 1900 1190 in·
1936 1126 2147 1188 Omine
2194 1121 2407 1210 (Prisc'.
2451 1130 2482 1187 I
2532 1123 2714 1210 227):

376 1219 499 1292 ipsi
554 1235 645 1278 me
704 1218 847 1277 velle
907 1216 1239 1278 vestimenta
1291 1218 1477 1280 dicite.
1600 1216 1962 1280 Guicuimodi
2040 1237 2152 1293 pror
2231 1220 2718 1280 wiuscuiumodi

379 1307 540 1384 apud
587 1305 930 1367 Ciceronem
971 1325 1082 1382 pro
1130 1304 1308 1374 Sexto
1353 1305 1570 1368 Roscio
1616 1300 1829 1388 (Prisc.
1873 1307 1935 1365 Π
1984 1299 2053 1388 7)
2100 1310 2162 1366 81
2204 1306 2268 1366 111
2304 1306 2575 1368 Veri-iuis
2623 1312 2717 1369 est

354 1389 622 1476 (Pomp.
681 1398 804 1455 207
854 1395 952 1472 Κ.;
1027 1393 1267 1455 Cledon.
1333 1396 1416 1456 52
1464 1394 1564 1473 K.;
1636 1396 1769 1458 Art.
1833 1414 2107 1473 anonym.
2168 1395 2348 1456 Bern.
2417 1398 2544 1457 140
2591 1392 2714 1476 Η).

381 1487 596 1547 Neubri
652 1487 882 1560 ,ceneris
943 1486 1106 1546 certo
1170 1504 1284 1544 usu
1347 1485 1876 1560 grammaticorum
1934 1486 2236 1562 vulgatur.
2336 1485 2532 1545 Tanta
2583 1505 2720 1547 cum

124 1585 137 1594 '
258 1649 263 1664 .
379 1575 705 1638 multitudo
752 1574 1156 1650 exemplorum
1203 1574 1300 1648 sit,
1344 1574 1586 1636 minime
1633 1574 2024 1636 dubitandum
2064 1577 2175 1650 est,
2219 1575 2362 1651 quin
2398 1575 2507 1635 illa
2541 1594 2719 1652 38118-

380 1664 495 1733 tivi
538 1664 749 1725 forma-
776 1663 1123 1740 saepissime
1166 1662 1231 1724 in
1249 1711 1256 1718 .
1275 1665 1479 1725 vetere
1524 1663 1732 1740 lingua
1777 1665 2159 1740 frequentata
2203 1663 2299 1724 sit.
2389 1664 2462 1723 In
2508 1664 2717 1724 codici-

379 1754 494 1813 bus
539 1754 780 1830 quidem
823 1767 1070 1830 perrara
1116 1754 1226 1812 est.
1299 1751 1416 1812 Sed
1460 1751 1804 1822 firmissimo
1851 1754 2121 1830 exemplo
2164 1773 2202 1816 8.
2231 1752 2401 1813 1111118
2439 1754 2719 1830 antiquas

376 1845 602 1904 formas
647 1842 895 1903 noviciis
943 1842 1221 1918 expulsas
1268 1860 1399 1902 esse
1442 1843 1750 1919 probatur.
1841 1840 2038 1912 Quid?
2095 1842 2253 1918 quod
2295 1843 2588 1918 neglectis
2635 1844 2720 1903 di-

379 1932 560 1993 sertis
616 1932 1143 2008 grammaticorum
1194 1930 1558 1994 testimoniis
1611 1931 1747 1998 Ten.
1800 1929 1990 1992 Andr.
2045 1933 2171 1994 608
2219 1922 2334 2012 (a
2380 1931 2472 1994 HI
2522 1933 2590 2007 5,
2648 1927 2718 2013 2)

377 2022 517 2082 libri
559 2020 771 2081 BCEP
811 2022 1030 2082 nullius
1073 2019 1477 2097 praebent?
1665 2071 1668 2080 .

559 2110 903 2171 Priscianus
957 2110 1267 2187 genetivos
1324 2109 1460 2171 illos
1515 2109 1842 2174 secundum
1894 2110 2149 2170 alteram
2191 2081 2497 2172 nominum
2543 2111 2720 2171 decli-

380 2202 687 2264 nationem
740 2201 1028 2260 formatos
1085 2218 1220 2259 8888
1265 2199 1435 2273 dicit,
1491 2199 1724 2260 dativos
1772 2217 2007 2275 quoque
2050 2200 2114 2259 in
2157 2217 2191 2259 o
2235 2199 2606 2260 desinentes
2601 2220 2719 2260 ex-

376 2294 509 2350 tare
561 2290 840 2350 testatus
930 2288 1046 2349 Sed
1100 2288 1674 2364 quomodocumque
1703 2289 1778 2347 de
1823 2288 2042 2350 dativis
2098 2307 2196 2350 res
2256 2306 2320 2347 se
2364 2289 2575 2364 1181181,
2642 2290 2717 2350 de
2764 2315 2778 2331 ·

376 2379 674 2458 genetivis
719 2379 876 2439 falsa
918 2377 1345 2455 grammaticus
1390 2377 1600 2437 tradit.
1665 2376 1904 2438 Caelius
1941 2376 2183 2453 scripsit
2225 2378 2334 2438 alii
2375 2380 2465 2438 rei
2500 2369 2720 2457 (Prisc.

376 2470 408 2529 I
458 2470 603 2530 266.
648 2468 712 2527 ΙΙ
756 2462 845 2547 8),
891 2466 1039 2527 Cato
1083 2459 1236 2528 nulh‘
1275 2470 1364 2527 rei
1407 2459 1621 2547 (Prisc.
1666 2467 1697 2524 I
1745 2459 1931 2547 227),
1976 2466 2263 2526 Afranius
2310 2468 2412 2527 toti
2453 2468 2720 2540 famiba'ae

377 2550 591 2638 (Prisc.
636 2558 668 2617 I
708 2559 852 2618 227.
901 2548 1084 2637 266):
1131 2575 1275 2632 8138
1320 2555 1470 2615 nihil
1516 2556 1736 2617 certius
1782 2558 1876 2616 est
1920 2563 2100 2632 quam
2144 2554 2455 2633 genetivos
2500 2556 2637 2618 11188
2685 2577 2719 2618 8

377 2649 573 2708 forma
615 2647 679 2706 in
723 2648 817 2707 ius
860 2645 1183 2722 desinente,
1229 2663 1382 2721 quae
1440 2644 1783 2708 terminatio
1842 2644 2056 2705 deinde
2108 2647 2163 2708 is
2216 2646 2277 2704 et
2332 2647 2357 2704 i
2400 2645 2562 2705 facta
2606 2649 2744 2722 est,'

377 2740 552 2797 natos
598 2754 749 2796 esse.
821 2735 1099 2796 Formam
1134 2734 1323 2811 igitur
1357 2734 1422 2795 in
1456 2736 1510 2795 is
1544 2734 1918 2812 desinentem
1953 2753 2088 2796 cum
2123 2732 2389 2794 medium
2423 2733 2583 2794 inter
2628 2737 2719 2796 osus

381 2829 444 2887 et
478 2829 502 2886 i
537 2827 733 2886 Iocum
767 2827 991 2898 teneat,
1037 2827 1099 2884 et
1141 2824 1334 2901 ipsam
1372 2824 1434 2882 in
1468 2843 1586 2883 usu
1631 2823 1921 2883 sermonis
1957 2823 2148 2884 fuisse
2180 2823 2309 2884 veri
2346 2823 2719 2883 simillimum

381 2919 491 2976 est.
566 2913 683 2975 Sed
717 2932 838 2974 non
875 2914 1069 2974 solum
1103 2913 1278 2987 ratio,
1323 2913 1430 2972 sed
1474 2914 1657 2974 etiam
1703 2913 1937 2973 numeri
1972 2931 2254 2974 versuum
2293 2931 2427 2976 eam
2462 2913 2718 2974 formam

387 3005 715 3082 postulant.
808 3004 1036 3063 Versus
1083 3002 1241 3061 enim
1285 3001 1523 3062 Phorm.
1573 3003 1725 3062 648·

696 3092 783 3153 Ut
828 3092 904 3152 ad
946 3095 1138 3169 pauca
1178 3092 1422 3152 redeam
1467 3110 1539 3152 88
1581 3094 1758 3154 mitto
1803 3093 1963 3153 illius
2004 3091 2284 3169 ineptias,

380 3183 478 3243 vel
521 3182 694 3258 Epid.
738 3182 832 3242 III
878 3183 2180 3256 11.,11:r

697 3270 853 3331 Suas
895 3273 1130 3376 pugnas
1176 3270 1252 3331 de
1294 3271 1456 3332 illius
1500 3272 1604 3329 818
1648 3269 1801 3330 fiunt
1846 3269 2138 3346 sordidae,

377 3319 545 3421 nullo
588 3360 708 3420 8118
742 3359 919 3420 modo
953 3359 1072 3420 nisi
1106 3359 1300 3419 forma
1332 3360 1452 3420 illis
1476 3362 1718 3435 recepta
1743 3359 1945 3434 legere
1972 3361 2163 3435 potes.
2234 3358 2307 3419 In
2331 3360 2530 3437 priore
2559 3362 2719 3422 enim

378 3469 559 3511 versu
594 3468 788 3525 neque
823 3434 990 3509 illius
1025 3466 1204 3523 neque
1238 3433 1407 3509 illius
1442 3448 1878 3508 admittendum
1914 3467 2047 3508 8888
2079 3447 2199 3508 18111
2235 3470 2291 3526 p.
2331 3452 2414 3509 10
2441 3449 2720 3526 diximus,

382 3539 725 3616 pariterque
788 3539 1048 3598 alterum
1108 3539 1205 3640 in·
1228 3556 1469 3639 versum
1526 3539 1742 3598 neutra
1788 3555 2007 3640 earum
2062 3556 2480 3598 mensurarum
2535 3540 2720 3616 recipi

384 3719 676 3793 superest.
766 3716 898 3776 Η88
941 3735 1078 3776 811111
1120 3717 1314 3778 forma
1358 3716 1478 3776 alia
1524 3716 1814 3793 quaedam
1859 3718 1953 3776 est
2008 3735 2162 3792 quae
2207 3717 2399 3792 possit
2441 3718 2719 3784 conferri.

380 3806 722 3867 Priscianus
771 3805 928 3865 enim
972 3805 1033 3864 ΙΙ
1083 3808 1164 3866 77
1212 3805 1289 3865 Η.
1318 3805 1558 3865 -aliter
1602 3808 1675 3866 ab
1722 3823 1783 3865 eo
1827 3806 1979 3879 quod
2022 3809 2104 3865 est
2154 3806 2264 3865 hic
2315 3807 2458 3868 alis
2508 3808 2720 3870 huius

380 3897 524 3956 alis
567 3896 726 3956 huic
769 3896 872 3955 ali
904 3913 1022 3969 pro
1064 3897 1256 3957 alius
1299 3895 1489 3955 alius
1534 3896 1669 3955 alii
1712 3894 2044 3971 profectum
2088 3912 2221 3955 esse
2266 3895 2425 3955 dicit.
2515 3896 2719 3957 Nomi-

380 3985 653 4045 nativum
698 3986 811 4045 alis
854 3984 1193 4044 Priscianus
1238 3984 1421 4044 etiam
1466 3982 1528 4041 II
1559 3986 1596 4043 8
1625 3983 1702 4044 H.
1738 3983 2083 4059 pariterque
2128 3982 2447 4046 Diomedes
2478 3987 2604 4047 333
2627 3986 2718 4062 K„

383 4072 693 4134 Charisius
734 4076 878 4135 159.
914 4074 1041 4134 561
1076 4073 1149 4135 K.
1193 4076 1511 4134 testantur.
1593 4072 1956 4134 Ritschelius
2002 4072 2246 4148 quidem
2289 4093 2408 4134 non
2453 4075 2717 4136 nomina-
2795 4083 2800 4088 ’

378 4164 539 4224 tivos
567 4164 681 4224 alis
717 4165 779 4223 et
814 4164 939 4223 alid
975 4181 1044 4223 ex
1074 4164 1229 4224 alius
1255 4166 1316 4222 et
1343 4164 1525 4230 8187αά,
1553 4161 1898 4239 genetivum
1926 4163 2039 4223 abis
2066 4181 2138 4222 ex
2164 4163 2332 4223 alius-
2347 4166 2718 4224 contractum

381 4272 513 4313 esse
567 4253 726 4328 vult,
790 4252 897 4313 sed
950 4251 1250 4314 breviores
1304 4253 1528 4314 formas
1581 4251 1809 4328 priores
1862 4252 2075 4326 fuisse,
2136 4251 2433 4328 pleniores
2477 4257 2717 4315 secutas

383 4362 517 4403 esse
572 4334 673 4421 (de
718 4342 1110 4404 declinatione
1156 4342 1411 4419 quadam
1458 4341 1678 4402 Latina
1729 4341 2121 4402 reconditiore
2165 4342 2437 4418 quaestio
2482 4342 2717 4420 epigra-

379 4432 571 4510 phica,
616 4431 1080 4506 Β81111881861.
1146 4432 1627 4508 supplementum
1671 4430 2035 4508 quaestionis
2080 4430 2155 4492 de
2199 4430 2410 4496 declin.
2453 4433 2715 4508 ‚quadam
