3009 4767
1262 221 1694 287 ...65-

321 385 575 446 Hiatum
619 386 802 447 variis
848 386 1279 449 mutationibus
1316 386 1735 448 Fleckeisenus
1774 390 1836 447 et
1862 383 2343 449 OFGMuellerus
2378 386 2453 448 de
2488 403 2647 464 prosa.

319 474 517 536 Plaut.
568 478 696 537 130
738 477 953 537 vitant.

407 564 576 625 Asin.
606 565 754 628 556.
799 566 1024 625 Pareus
1062 558 1182 647 (III
1213 568 1269 641 2,
1303 558 1412 645 10)
1450 566 1621 626 varia
1657 566 1953 644 scriptura
1987 565 2104 627 non
2140 567 2347 626 addita
2381 565 2646 643 scripsit:

635 654 707 714 Id
751 657 977 717 virtute
1021 655 1192 716 huius
1236 655 1501 732 collegae
1546 659 1796 732 meeque
1840 656 2121 716 comitete

634 743 960 805 Factumst.

320 832 738 893 Fleckeisenus
801 833 1083 894 nimirum
1134 852 1212 894 ne
1267 834 1591 910 septenarii
1644 831 1882 895 iambici
1937 833 2295 896 dibaeresim
2350 834 2646 911 spondeus

319 922 654 996 antecedat,
701 922 973 1001 corrigit:
1035 983 1043 993 ,

634 1011 879 1073 Virtute
923 1009 986 1072 id
1030 1013 1294 1089 collegae
1337 1012 1514 1073 laudus
1559 1009 1730 1089 [mei]
1777 1015 2028 1090 meisque
2074 1012 2371 1073 comitate.

321 1099 519 1161 Aliter
563 1099 1049 1164 CFGMuellerus
1093 1103 1133 1164 l.
1176 1102 1219 1162 l.
1267 1103 1395 1163 614
1440 1101 1643 1164 adnot.

405 1189 576 1250 Asin.
624 1193 660 1252 7
668 1191 770 1251 21.

637 1277 793 1356 Opto
853 1283 1072 1344 annum
1124 1282 1287 1343 hunc
1344 1281 1697 1380 perpetuom
1756 1280 1942 1340 mihi·
1953 1281 2128 1341 hwiws
2189 1282 2455 1357 operas,
2483 1279 2647 1340 :-Im

2009 1373 2147 1446 petr
2150 1370 2285 1432 esti.

320 1459 428 1517 aut
460 1458 796 1534 perpetuom
837 1460 980 1520 mihi
1021 1460 1193 1521 huius
1236 1459 1445 1537 operas
1487 1459 1689 1520 metiri
1732 1461 1930 1536 potes·
1984 1458 2149 1535 prior
2193 1477 2473 1519 mensura.
2516 1476 2650 1519 sua-

317 1546 451 1607 vius
497 1546 563 1608 in
605 1566 779 1609 aures
823 1548 1051 1611 incidit.

408 1637 612 1697 AuluL
639 1638 788 1714 prol.
811 1637 869 1699 5.
915 1637 1084 1698 Libri
1119 1637 1234 1696 BD
1278 1628 1461 1718 (teste
1498 1637 1783 1698 Lorenzio
1820 1638 1884 1696 in
1922 1657 2121 1715 progr.
2159 1657 2362 1716 gymn.
2401 1658 2497 1714 qu.
2534 1635 2645 1697 dic.

322 1722 523 1785 Colon.
568 1726 765 1787 Berol.
808 1728 975 1788 1872
1023 1748 1081 1804 p.
1122 1718 1190 1805 2)
1237 1727 1486 1787 habent:

637 1815 807 1876 Patri
852 1834 1080 1893 avoque
1125 1814 1349 1875 amicus
1394 1816 1568 1876 huius
1612 1816 1717 1893 qui
1760 1834 1916 1876 nunc
1957 1816 2057 1876 hic
2102 1816 2301 1876 habet.

320 1902 603 1964 Fortasse
647 1904 904 1964 Acidalii
951 1905 1284 1966 emendatio
1317 1900 1595 1980 patrique
1638 1924 1781 1964 vera
1826 1908 1935 1964 est.
2001 1904 2141 1964 Alia
2170 1901 2647 1964 CFGMuellerus

320 1993 444 2051 1.1.
492 1995 620 2053 512
666 1994 800 2053 adn.
846 1993 1156 2055 coniectat.
1338 2017 1342 2022 ·

409 2081 549 2143 Aul.
593 2082 682 2142 IV
728 2085 784 2158 2,
836 2086 936 2145 12.

637 2163 843 2266 Atque
869 2189 966 2249 hic
991 2192 1166 2266 pater
1194 2191 1412 2267 est,1'1t
1450 2207 1562 2267 ego
1601 2188 1825 2265 opinor,
1880 2189 2054 2250 huius
2088 2200 2226 2251 erus
2264 2208 2442 2267 quam
2469 2192 2649 2250 amat.

321 2294 417 2356 Sic
460 2295 602 2374 BD,
677 2295 1071 2373 GWagnerus
1128 2315 1262 2356 oum
1313 2296 1615 2356 veteribus
1673 2293 2034 2356 editionibus
2089 2297 2264 2357 hwe'us
2316 2298 2449 2356 emis
2489 2298 2651 2356 meus

321 2402 496 2458 quam
522 2390 685 2445 mat
709 2385 963 2462 scripsit,
993 2383 1474 2454 GFGMuellerus
1502 2384 1844 2463 additamm.
1862 2387 1983 2444 121
2006 2386 2267 2459 viraines,
2295 2384 2647 2445 ALuchsius

320 2474 384 2534 in
427 2473 822 2534 Studemundi
866 2473 1033 2535 Stud.
1077 2474 1110 2533 I
1154 2476 1237 2534 43
1285 2474 1444 2535 idem
1486 2475 1585 2537 vel
1629 2474 1891 2535 mulieris
1944 2473 2007 2533 in
2050 2474 2168 2535 fine
2212 2493 2422 2535 versus
2469 2475 2650 2534 deflu-

320 2563 481 2623 xisse
524 2566 718 2640 putat.
815 2616 826 2638 ,

410 2650 580 2730 Capt.
630 2655 786 2714 800:

637 2759 879 2822 Faciam
924 2762 995 2820 ut
1036 2760 1210 2822 haim
1253 2758 1350 2820 die
1395 2759 1627 2837 locique
1671 2764 1906 2838 meique
1951 2778 2184 2836 semper
2228 2758 2581 2820 meminerit.
2687 2758 2695 2765 ’

329 2866 479 2926 Tam
522 2842 694 2927 huius
737 2866 837 2929 die'
875 2886 1055 2946 quem
1096 2867 1271 2927 huius
1313 2865 1412 2926 die
1448 2884 1584 2927 esse
1627 2867 1846 2944 potest.

409 2969 583 3050 Capt.
630 2974 819 3033 1016.
909 2971 1328 3032 Fleckeisenus
1375 2974 1439 3031 et
1482 2971 1723 3033 Brixius
1770 2973 2162 3049 seripserunt·

638 3061 794 3133 Quid
838 3066 908 3122 tu
952 3060 1084 3122 ais?
1131 3060 1454 3120 adduxtine
1499 3062 1673 3121 illum
1719 3063 2018 3140 captivom
2063 3064 2236 3122 huius
2279 3060 2471 3121 filium
2484 3061 2515 3121 ’ἓ

327 3151 508 3212 Teste
554 3151 961 3212 Studemundo
1006 3149 1069 3209 in
1095 3150 1383 3211 FleckeiS.
1420 3149 1661 3211 Annall.
1692 3154 1773 3211 93
1825 3143 2058 3280 (1866)
2104 3170 2161 3228 p.
2194 3152 2273 3210 59
2321 3151 2387 3211 in
2429 3151 2480 3209 Β
2528 3153 2649 3211 est:

324 3241 635 3302 adduoetine
677 3242 845 3301 ilhom
887 3241 1078 3314 filium
1122 3240 1426 3315 captivum.

637 3433 803 3497 Haec
848 3439 1029 3513 atque
1072 3436 1245 3496 huius
1290 3433 1511 3495 similia.
1555 3433 1676 3495 alia
1720 3433 1937 3494 demna.
1981 3435 2175 3495 multa
2217 3435 2537 3497 mulierum

638 3527 735 3585 Me
769 3525 1088 3603 prohibent
1123 3524 1324 3602 uxore,
1362 3541 1515 3600 quae
1550 3524 1635 3583 mi
1668 3524 1841 3584 huius
1878 3522 2089 3583 similis
2129 3528 2432 3584 sermones
2469 3526 2648 3584 serat.

321 3613 496 3698 hm'qs
533 3617 658 3675 698
703 3614 768 3674 in
811 3614 928 3675 AB
942 3613 1052 3673 OD
1097 3631 1170 3673 ex
1212 3611 1554 3690 insequenti
1596 3631 1778 3675 versu
1820 3611 1937 3672 huc
1980 3612 2241 3690 irrepsit,
2286 3612 2648 3673 Ritschelius

323 3704 569 3781 propter
613 3703 967 3765 antecedens
1011 3704 1150 3763 haec
1194 3702 1317 3762 scil.
1364 3703 1584 3761 damna
1636 3701 1808 3762 unice
1852 3719 2061 3761 verum
2116 3702 2322 3762 horum
2364 3701 2649 3764 restituit.

643 3900 742 3960 Me
767 3901 952 3960 uxore
975 3895 1296 3976 prohibent
1321 3896 1470 3956 mihi
1507 3916 1660 3974 quae
1695 3898 1867 3958 huius
1895 3896 2107 3957 similis
2137 3901 2436 3959 sermones
2465 3900 2645 3959 serat.

329 4006 444 4069 Sed
488 4024 547 4068 n.
593 4024 714 4068 exe.
757 4006 848 4066 PL
892 4005 925 4064 I
969 4006 1054 4065 43
1100 4003 1463 4065 Bitschelius
1518 4023 1761 4064 versum
1814 4002 2009 4079 qualis
2062 4002 2128 4063 in
2178 4002 2347 4062 libris
2394 4005 2491 4065 est
2531 4005 2652 4064 non

329 4097 568 4174 quidem
613 4094 939 4157 sollicitans
984 4093 1214 4171 pariter
1257 4096 1458 4153 tamen
1503 4092 1692 4153 fuisse
1736 4110 1913 4169 pesse
1958 4091 2129 4152 dicit:

645 4201 782 4261 Med
824 4220 1008 4261 uxore
1050 4199 1369 4276 prohibent
1411 4197 1559 4258 mihi
1605 4217 1759 4275 quae
1800 4173 1974 4260 Ιηῖιῖιε
2017 4201 2148 4259 sim.
2192 4216 2239 4258 s.
2284 4215 2334 4260 a.

332 4305 501 4378 Quae
538 4306 795 4368 mutatio
838 4309 1157 4384 propterea.
1189 4305 1387 4365 minus
1423 4305 1733 4381 probanda
1768 4309 1878 4382 est,
1924 4304 2082 4382 quod
2116 4303 2370 4364 Plautus
2417 4305 2651 4365 demon-

334 4397 650 4458 strativum
700 4397 871 4457 hwiws
920 4395 1136 4455 fortius
1188 4394 1612 4473 proferendum
1664 4412 1785 4455 non
1826 4393 2307 4473 monosyllabum
2351 4393 2415 4455 in
2457 4412 2647 4454 reces-

2195 4497 2228 4548 5
