3009 4767
17 4467 67 4524 Κ

1154 216 1589 282 -43-

210 382 428 443 Versui
490 384 686 448 varias
749 384 1012 449 medelas
1076 383 1479 444 adhibuerunt
1534 354 1939 457 Camerarius.
1996 402 2249 459 quocum
2296 383 2536 444 Brixius

209 472 368 548 facit,
416 471 806 546 Ritschelius‚
854 472 1213 535 Ribbeckius
1259 473 1416 535 Mus,
1460 472 1648 532 Rhen.
1695 469 1733 532 1.
1780 472 1820 534 1.
1902 471 2150 536 Initium
2196 491 2406 533 versus
2453 473 2536 532 in-

208 564 451 637 tegrum
496 581 627 622 esse
671 562 924 623 videtur.

297 676 424 735 Mil.
473 679 601 737 960
643 678 707 737 in
752 676 797 737 o
845 680 939 739 est
981 658 1112 756 1923,
1156 680 1217 739 in
1265 678 1318 737 D
1362 655 1502 739 Εῑὲι

529 786 684 845 Eius
727 786 886 845 hunc
931 786 1178 844 anulum
1224 785 1301 844 ad
1343 788 1405 845 te
1450 786 1671 845 ancilla
1705 787 1881 862 porro
1919 792 1988 844 ut
2024 785 2318 844 deferrem
2335 839 2338 843 Α
2356 782 2538 842 dedit.

203 891 357 950 hunc
403 909 536 951 cum
581 891 851 952 Acidalio
899 894 960 951 et
1003 892 1204 952 Brixio
1253 892 1481 970 scripsi,
1526 891 1668 950 libri
1712 910 1868 951 nnnc
1911 891 2216 966 praebent.
2308 888 2537 961 Quibus

202 979 350 1039 locis
412 999 447 1038 a
509 980 836 1040 Ribbeckio
895 984 957 1040 et
1012 980 1375 1041 Buechelero
1435 980 1711 1040 indicatis
1769 981 2027 1042 fortasse
2083 978 2387 1040 addendus
2443 982 2538 1039 est

207 1069 390 1129 Mero.
440 1071 585 1136 997
632 1070 734 1128 ubi
778 1068 953 1129 BOD
1002 1089 1117 1130 uno
1165 1089 1452 1129 consensu
1497 1089 1606 1145 pro
1652 1070 1825 1130 huius
1871 1069 2151 1128 exhibent
2197 1064 2343 1128 tuis:

526 1137 652 1217 Ora
696 1161 765 1217 ut
809 1159 1082 1236 ignoscat
1128 1158 1359 1219 delictis
1404 1160 1577 1223 huius
1622 1162 1800 1235 atque
1846 1157 2299 1218 adulescentiae.

211 1244 331 1306 Sed
359 1246 494 1307 Ter.
511 1246 751 1308 Phorm.
772 1250 919 1325 470,
956 1247 1061 1305 ubi
1097 1248 1160 1306 in
1185 1247 1476 1307 Bembino
1516 1250 1626 1315 eui,
1661 1248 1725 1305 in
1760 1247 1973 1307 ceteris
2010 1247 2180 1307 libris
2218 1223 2382 1307 cuias
2418 1250 2536 1306 est:

528 1336 646 1396 Cui
698 1356 853 1397 nunc
910 1337 1163 1396 miserae
1223 1342 1358 1415 spes
1418 1356 1678 1413 opesque
1734 1339 1876 1396 sunt
1927 1336 1991 1394 in
2045 1338 2107 1396 te
2162 1356 2280 1396 uno
2336 1341 2540 1397 omnes

1912 1425 2079 1485 sitae.

209 1513 487 1574 dativum
531 1533 813 1591 agnosco:
861 1516 967 1576 cfr..
1013 1515 1127 1576 Ad.
1158 1516 1286 1575 455
1334 1518 1398 1575 in
1444 1514 1502 1574 τό
1538 1533 1668 1589 spes
1712 1517 1925 1583 omnia,
1970 1515 2172 1589 Ηέ9ιο,
2218 1516 2383 1574 nobis
2426 1517 2543 1574 sita

204 1608 323 1675 est‚·
367 1602 541 1678 Epid.
556 1603 613 1661 V
645 1606 810 1679 1,12
861 1622 958 1679 eyo
1003 1607 1137 1678 quoi
1180 1606 1414 1664 libertas
1458 1607 1524 1663 in
1565 1605 1780 1664 mundo
1815 1606 1931 1663 sita
1967 1608 2079 1675 est;
2123 1603 2336 1663 Pseud.
2371 1606 2537 1664 1292

96 1727 101 1734 ·
203 1695 258 1752 si
317 1711 434 1767 qua
486 1695 552 1751 in
603 1694 707 1752 hoe
749 1712 878 1767 spes
921 1696 1037 1753 sita
1081 1698 1161 1753 est
1187 1694 1375 1772 ⁸nn‘hi,·
1437 1691 1608 1769 Capt.
1656 1694 1782 1753 535
1813 1712 1861 1752 s.
1907 1693 2049 1752 mihi
2091 1711 2186 1753 res
2238 1695 2424 1752 omnis
2477 1694 2544 1753 in

202 1785 420 1841 incerto
464 1784 580 1841 sita
625 1786 735 1853 est,·
799 1782 912 1841 Ad.
958 1785 1106 1844 331.
1161 1782 1463 1858 Amphitr.
1495 1783 1664 1842 1053
1713 1782 1864 1841 nihil
1907 1784 2180 1857 probant.
2230 1812 2307 1821 —
2365 1781 2541 1840 Locis

201 1870 328 1930 illis
377 1890 511 1931 eum
554 1871 823 1947 genetivi
867 1889 911 1931 e.
955 1873 1008 1932 h.
1043 1890 1105 1946 9.
1151 1871 1215 1931 ιιι
1270 1871 1539 1947 singulas
1597 1871 1862 1948 syllabas
1918 1869 2254 1931 necessario
2311 1872 2542 1931 contra-

203 1957 391 2022 hendi
446 1959 566 2020 sint
579 2005 593 2034 ,
650 1961 976 2036 scripturas
1032 1960 1169 2022 illas
1215 1980 1332 2022 non
1387 1960 1466 2020 ad
1513 1979 1743 2020 errores
1794 1959 2182 2026 librariorum
2225 1978 2418 2037 neque
2464 1960 2540 2018 ad

202 2048 406 2108 nescio
453 2068 601 2123 quos
649 2068 837 2124 casim,
884 2050 990 2109 sed
1034 2050 1112 2108 ad
1155 2049 1478 2127 genuinam
1521 2049 2068 2125 pronuntiationem
2112 2048 2539 2118 revocabimus

200 2136 521 2215 Duplicem
559 2140 761 2197 autem
798 2139 986 2198 fuisse
1021 2138 1593 2215 pronuntiationem,
1637 2142 1817 2215 prout
1861 2157 1892 2199 3
1935 2138 2131 2198 finalis
2179 2141 2286 2198 aut
2328 2138 2543 2197 retine-

205 2227 392 2286 batur
436 2229 545 2286 aut
588 2227 973 2303 abiciebatur,
1019 2226 1118 2288 vix
1164 2247 1315 2306 opus
1360 2230 1453 2306 est
1484 2223 1711 2288 dicere.

386 2341 485 2402 Ab
541 2362 612 2402 ea
670 2343 1043 2420 quaestione,
1098 2362 1279 2421 quam
1333 2343 1510 2404 modo
1567 2343 1959 2417 absolvimuS,
2014 2344 2209 2406 altera
2260 2342 2367 2402 illa
2412 2342 2544 2402 dili-

203 2434 424 2510 genter
469 2432 842 2509 segreganda
888 2435 1007 2507 est,
1059 2451 1207 2494 num
1252 2435 1419 2492 aetas
1464 2432 1668 2492 Plauti
1713 2436 1775 2492 et
1820 2431 2087 2492 Terentii
2131 2433 2314 2514 etiam
2361 2432 2541 2507 scrip-

205 2525 409 2582 turam
462 2521 704 2581 illarum
757 2522 1085 2589 formarum
1138 2521 1216 2580 ad
1270 2540 1482 2582 sonum
1537 2522 1657 2582 oris
1713 2520 2014 2597 aptaverit
2067 2525 2129 2581 et
2181 2541 2325 2580 num
2368 2521 2541 2582 nobis

207 2629 446 2687 quoque
494 2603 598 2671 ‘eis
640 2611 772 2670 hai-s·
816 2604 999 2684 quoi-3²
1048 2604 1124 2671 ‘ei
1165 2612 1267 2670 hui
1311 2604 1465 2685 qaoi'
1514 2611 1774 2672 scribere
1818 2610 2011 2670 liceat.
2091 2611 2183 2669 De
2229 2609 2541 2685 scripturis

205 2700 552 2760 cuicwimodi
606 2702 669 2758 et
724 2701 972 2760 cuimodi
1028 2699 1376 2760 reducendis
1431 2704 1571 2775 post
1625 2720 1696 2760 ea
1748 2718 1903 2775 quae
1956 2719 2013 2774 p.
2062 2701 2141 2758 41
2186 2718 2230 2759 s.
2285 2698 2541 2759 diximus

205 2788 451 2847 minime
506 2787 902 2863 dubitandum
956 2792 1075 2864 est,
1138 2807 1258 2848 non
1313 2807 1502 2870 aeque
1559 2793 1789 2849 certum
1850 2787 2135 2848 iudicium
2199 2787 2271 2847 de
2336 2789 2543 2848 eimodi

207 2876 580 2936 admittendo
626 2872 822 2937 facere
867 2889 1200 2952 possumus
1274 2878 1466 2937 Multo
1514 2878 1695 2938 etiam
1738 2878 1937 2936 minus
1983 2876 2056 2936 de
2103 2877 2400 2955 scriptura
2445 2876 2541 2936 de-

207 2967 446 3025 curtata
489 2966 674 3025 trium
719 2968 1060 3026 nostrorum
1103 2966 1546 3044 genetivorum,
1602 2967 1705 3027 ubi
1757 2985 1877 3026 non
1923 2985 2058 3025 cum
2100 2968 2257 3025 modi
2301 2966 2540 3027 coniun-

204 3058 459 3130 guntur,
514 3056 776 3128 constat,
835 3055 1016 3115 immo
1064 3057 1260 3115 certae
1307 3073 1522 3115 causae
1568 3059 1735 3129 sunt,
1782 3073 1937 3133 quae
1979 3073 2088 3116 nos
2131 3058 2203 3116 ut
2248 3073 2380 3115 eam
2426 3056 2541 3115 sol-

203 3145 464 3206 lemnem
508 3144 695 3206 fuisse
738 3162 1024 3222 negemus
1070 3148 1439 3220 permovent.
1509 3145 1667 3204 Nam
1695 3144 1987 3205 Prisciani
2024 3144 2209 3203 verba
2244 3144 2275 3202 I
2307 3145 2431 3202 226
2462 3143 2538 3206 Η.

203 3235 470 3307 quamvis
503 3236 870 3296 vetustissimi
907 3235 1127 3293 soleant
1159 3236 1462 3294 omnium
1495 3236 1562 3294 in
1590 3227 1728 3294 ius'
1758 3235 2188 3293 terminantium
2219 3235 2539 3308 genetivum

204 3327 257 3381 et
300 3325 366 3381 in
412 3315 508 3381 o'
556 3324 815 3384 dativum
857 3325 924 3382 in
961 3340 1167 3397 yenere
1216 3323 1537 3384 masculino
1587 3328 1638 3383 et
1686 3328 1917 3390 neutro,
1975 3340 2042 3381 m
2084 3324 2361 3404 feminino
2406 3339 2539 3382 vero

202 3411 517 3471 secundam
561 3414 825 3485 primam
882 3412 1312 3476 declinationem
1367 3414 1432 3471 in
1490 3405 1628 3474 ae'
1683 3413 2091 3487 diphthonqwm
2132 3413 2421 3486 proferre,
2479 3413 2542 3470 et

200 3499 434 3575 pariter
459 3500 491 3559 Ι
520 3502 645 3560 266
676 3499 752 3560 Η.
791 3498 1060 3573 (omnia
1094 3518 1242 3578 quae
1285 3501 1462 3562 simili
1496 3502 1872 3564 declinatione
1917 3497 2069 3577 [scil.
2115 3496 2536 3576 pronominali]

194 3588 609 3666 proferuwtw)
674 3581 759 3671 (v.
808 3608 989 3665 supra
1041 3610 1098 3665 p.
1150 3584 1278 3672 11),
1344 3609 1415 3649 ea
1457 3609 1579 3651 non
1638 3591 1728 3650 ita
1778 3588 2049 3668 torqueri
2096 3589 2313 3649 debere
2355 3588 2540 3648 mani-

203 3677 428 3740 festum
474 3680 586 3760 est
630 3680 701 3737 ut
744 3678 929 3739 etiam
976 3680 1040 3738 in
1082 3681 1206 3739 tres
1251 3681 1489 3739 nostros
1526 3679 1839 3756 genetivos
1878 3677 2109 3758 cadant.
2190 3677 2307 3737 Pro
2353 3677 2539 3738 nihilo

203 3769 409 3830 autem
482 3766 750 3836 ducenda
822 3770 964 3827 sunt
1034 3785 1187 3857 quae
1251 3767 1658 3845 Augustinus
1694 3768 1886 3845 regul.
1944 3787 2003 3843 p.
2051 3768 2178 3827 508
2234 3766 2308 3826 Κ.
2370 3766 2539 3826 dicit:

206 3858 432 3929 antiqva
487 3848 676 3929 qais'
727 3874 932 3931 yenere
985 3860 1272 3932 eommwni
1326 3858 1621 3925 dixerunt,
1687 3850 1808 3920 ‘hio
1863 3861 1916 3916 et
1966 3857 2105 3916 haee
2159 3858 2313 3930 qais,
2367 3856 2541 3915 haias

207 3947 387 4018 quis,
433 3944 566 4005 lmic
610 3947 726 4019 qai,
771 3946 923 4005 himo
968 3946 1024 4006 et
1062 3947 1215 4007 hane
1238 3940 1452 4022 qaem'
1491 3966 1542 4006 e.
1570 3966 1626 4023 q.
1655 3966 1701 4006 e.
1737 3946 2115 4023 Augustinus
2154 3944 2311 4004 enim
2355 3945 2539 4006 mani-

205 4031 360 4093 festo
409 4052 481 4092 ex
526 4033 734 4096 eodem
778 4034 945 4094 fonte
988 4035 1208 4113 hausit,
1256 4055 1327 4095 ex
1372 4054 1489 4112 quo
1527 4036 1713 4096 verba
1758 4054 1912 4112 quae
1959 4038 2100 4094 sunt
2143 4033 2207 4092 in
2241 4033 2539 4110 Explana-

206 4121 369 4181 tione
412 4122 477 4183 in
519 4122 826 4183 Donatum
871 4122 1068 4201 Sergii
1110 4143 1327 4185 nomen
1371 4125 1604 4184 ferente
1650 4116 1734 4203 (p.
1770 4125 1896 4186 546
1936 4118 2037 4204 Κ.)
2094 4125 2538 4183 emanaverunt.

209 4207 338 4279 Quo
375 4211 503 4282 loco
531 4210 985 4290 Explanationis
1024 4216 1232 4273 auctor
1266 4213 1663 4273 declinatione
1697 4212 2012 4273 masculini
2049 4214 2177 4286 quis
2211 4212 2540 4288 praemissa

207 4299 433 4407 pergit.
489 4302 657 4361 aliter
715 4303 1026 4362 secwndwm
1081 4307 1324 4362 veterem
1380 4304 1813 4366 declinationem
1854 4320 1969 4377 per
2019 4319 2203 4376 aenas
2248 4319 2541 4362 commune

209 4379 322 4448 hic
365 4392 419 4448 et
459 4389 598 4449 haec
640 4383 791 4463 qwis'
792 4433 810 4458 ,
851 4394 1106 4466 yenetivo
1151 4384 1373 4465 qaias'
1374 4435 1392 4460 ,
1439 4393 1632 4454 dativo
1678 4385 1831 4467 qai'
1832 4434 1851 4460 ,
1897 4392 2223 4452 accusativo
2269 4384 2442 4451 ‘hanc
2485 4394 2538 4449 et
