3009 4767
1229 169 1668 234 -38-

595 336 705 395 Dic
749 335 924 408 mihi,
967 335 1290 410 Damoeta,
1336 336 1534 395 cuium
1577 336 1801 412 pecus?
1848 355 1926 395 an
1969 335 2294 398 Meliboei?
2381 343 2388 352 '

282 441 502 501 Pastor
547 442 850 502 Menalcas
908 441 1054 501 dicit
1107 442 1443 518 antiquiore
1496 441 1812 516 vocabule,
1875 445 1944 501 ut
1989 443 2199 503 rustici
2244 464 2421 521 saepe
2465 447 2613 506 talia

283 534 551 607 servant,
608 550 770 592 usuS.
863 530 1034 601 Quod
1080 533 1369 607 quantum
1414 550 1483 590 eo
1528 534 1799 607 tempore
1842 531 1963 591 iam
2008 532 2343 593 obsoletum
2389 536 2452 594 et
2493 534 2614 594 vile

278 619 475 678 visum
531 619 639 697 sit,
695 619 1037 680 testimonio
1080 619 1183 679 *est
1228 619 1488 680 imitatio
1533 620 1641 678 illa
1684 619 2049 680 cavillatorie
2096 622 2348 683 alicuius
2394 643 2432 682 a
2473 623 2615 682 Sue-

278 707 442 768 tonio
487 709 718 768 tradita
765 700 855 790 (in
900 709 1029 769 vita
1073 709 1254 786 Verg.
1301 728 1357 785 p.
1389 710 1472 768 65
1519 708 1691 768 Reiff.
1747 712 1851 769 cfr.
1896 709 2180 772 Ribbeck.
2224 712 2493 789 prolegg.
2539 712 2617 772 ad

282 795 465 874 Verg.
515 789 657 880 99):

604 904 711 964 Dic
755 903 929 978 mihi,
974 904 1293 980 Damoeta,
1341 905 1538 965 cuium
1584 922 1765 981 pecus
1813 923 1965 964 anne
2010 905 2334 969 Latinum?

600 993 761 1053 Non:
807 1011 1016 1053 verum
1060 994 1327 1071 Aegonis
1372 993 1566 1053 nostri
1612 994 1696 1054 sic
1741 1014 1881 1053 rure
1927 994 2268 1071 loquuntur.

281 1100 481 1160 Etiam
510 1100 754 1162 Servius
784 1100 920 1161 Ter.
947 1102 1099 1161 Eun.
1127 1100 1190 1160 H
1221 1103 1277 1176 3,
1310 1103 1394 1161 30
1415 1125 1499 1148 =
1523 1103 1646 1161 321
1690 1119 2039 1176 comparans
2069 1102 2345 1163 adnotat:
2376 1097 2615 1163 ‘cuium’

277 1193 472 1250 autem
506 1193 738 1264 antique
772 1193 881 1258 ait,
917 1193 1110 1251 vitans
1145 1181 1597 1269 ὄμοιοτέλευτον,
1632 1207 1705 1249 ne
1740 1191 1950 1249 diceret
1985 1183 2171 1252 ‘cuius
2194 1185 2398 1267 pecus'
2408 1214 2429 1252 .·
2465 1196 2617 1267 quod

279 1281 445 1338 modo
483 1282 660 1338 trium
704 1284 787 1339 est
824 1297 1114 1355 ymerum.
1197 1277 1444 1353 Antiqui
1487 1280 1749 1338 dicebant
1792 1282 1938 1339 sicut
1982 1272 2167 1340 ‘meus
2208 1299 2339 1341 mea
2380 1276 2613 1350 meum',

279 1370 365 1427 sic
412 1361 599 1444 ‘cuius
644 1370 778 1428 cuia
823 1361 1057 1428 cuium'.
1131 1368 1359 1427 Tamen
1397 1366 1459 1427 C.
1490 1367 1721 1426 Plinius
1761 1366 2065 1427 Secundus
2111 1369 2175 1429 in
2210 1372 2615 1431 controversia

281 1457 539 1533 quadam
584 1450 766 1538 (Gell.
785 1457 871 1515 IX
896 1460 992 1531 16,
1015 1449 1084 1537 5)
1123 1456 1386 1533 scripsit:
1434 1457 1652 1523 deinde,
1690 1459 1825 1516 cuia
1858 1475 2007 1517 uxor
2041 1460 2172 1531 fuit,
2208 1460 2433 1533 fortiter
2467 1462 2615 1533 fecit.

281 1544 512 1605 Gellius
559 1545 771 1606 deinde
817 1546 969 1622 ipse,
1017 1545 1120 1622 qui
1165 1548 1236 1603 ut
1281 1546 1595 1605 Frontonis
1643 1544 1968 1621 discipulus
2014 1550 2319 1607 vetustum
2364 1548 2614 1610 admira-

279 1636 462 1695 batur
517 1652 882 1710 sermonem,
940 1654 1181 1695 causam
1236 1634 1535 1694 forensem
1587 1653 1837 1694 narrans
1894 1638 1945 1695 ei
1987 1638 2121 1695 cuia
2162 1654 2257 1697 res
2302 1642 2427 1698 erat
2469 1638 2619 1697 dixit

278 1723 308 1781 I
354 1725 435 1782 22
486 1715 668 1805 (falso
713 1723 962 1784 Forcell.
1012 1716 1123 1805 21)
1176 1726 1231 1783 6.
1321 1723 1531 1783 Finem
1574 1723 1867 1798 Apuleius
1912 1727 2152 1800 praeter
2197 1729 2423 1795 ceteros
2468 1727 2617 1803 pris-

280 1831 484 1872 corum
537 1812 640 1873 ille
695 1812 1053 1890 scriptorum
1108 1813 1376 1873 imitator
1431 1812 1602 1889 facit,
1658 1812 1826 1872 cuius
1882 1812 1956 1873 de
2001 1814 2201 1891 magia
2246 1833 2292 1875 c.
2338 1815 2617 1875 LXXXII

278 1917 335 1977 p.
368 1904 493 1961 602
523 1901 795 1962 Hildebr.
840 1903 988 1962 haec
1031 1903 1218 1962 verba
1263 1905 1428 1962 sunt:
1474 1896 1699 1961 cuiavis
1740 1904 1924 1964 oratio
1969 1904 2299 1965 insimulari
2331 1909 2535 1979 potest.

455 1991 670 2051 Restat
698 1994 767 2051 ut
795 1991 974 2068 locos,
1012 1991 1230 2068 quibus
1258 1993 1460 2065 quoius
1485 2009 1811 2065 pronomen
1837 1992 2238 2067 possessivum
2268 2012 2397 2054 esse
2436 2012 2618 2070 supra

279 2080 786 2155 demonstrabam,
836 2100 1202 2158 enumerem3
1268 2078 1521 2157 quorum
1563 2079 1671 2138 ubi
1716 2079 1790 2139 de
1831 2081 2111 2155 genetivo
2167 2085 2371 2155 quoius
2425 2082 2619 2142 dicam

280 2169 571 2229 rationem
618 2187 739 2229 non
781 2169 1033 2229 habebo,
1103 2170 1296 2230 Erant
1331 2188 1567 2230 versus:
1614 2168 1831 2245 Amph.
1863 2171 2008 2230 346.
2056 2172 2202 2232 375.
2250 2173 2396 2231 378.
2442 2170 2615 2233 Truc.

279 2257 341 2316 II
391 2259 447 2334 7,
494 2260 598 2319 44.
652 2258 837 2320 Haut.
869 2260 1013 2334 996,
1057 2259 1135 2318 ad
1181 2277 1330 2336 quos
1375 2257 1603 2318 accedit
1648 2257 1830 2318 Stich.
1880 2260 2025 2323 545.

390 2580 466 2641 ΙΙ.
538 2580 634 2639 De
680 2579 1042 2657 genetivis
1091 2573 1278 2639 ‘eius
1321 2578 1537 2638 huius
1585 2570 1879 2655 quoius'
1926 2582 2068 2638 tam
2112 2596 2519 2639 mensuram

347 2673 864 2745 accentumque
910 2669 1237 2729 trochaei
1283 2667 1721 2817 hiaabcetnssibus
1767 2687 1972 2743 quam
2018 2669 2544 2745 monosyllabis

456 2883 503 2942 Ι.
575 2884 669 2943 De
731 2885 879 2944 eius
935 2882 1141 2943 huius
1200 2883 1451 2956 quoius
1513 2899 1846 2942 mensuram
1906 2886 2305 2957 accentumque
2368 2885 2617 2945 trochaei

278 2972 629 3033 habentibus.

460 3077 612 3138 Cum
656 3080 880 3139 usitata
925 3079 1117 3138 forma
1160 3078 1576 3156 genetivorum
1623 3080 1744 3139 eius
1787 3078 1961 3139 huius
2005 3080 2210 3151 quoius
2256 3098 2327 3139 ea
2372 3080 2477 3154 sit,
2543 3085 2611 3141 ut

279 3159 627 3229 trochaeum
672 3172 947 3245 aequent,
993 3168 1255 3244 primum
1290 3186 1361 3227 ea
1399 3168 1672 3244 exempla
1707 3168 2109 3227 enumeranda
2146 3171 2314 3227 sunt:
2361 3189 2612 3246 quorum

282 3275 589 3334 versuum,
658 3257 775 3316 nisi
833 3276 1047 3318 causae
1109 3260 1307 3317 certae
1367 3256 1545 3316 aliter
1603 3255 2023 3333 postulabunt,
2089 3257 2323 3317 numeri
2380 3261 2617 3318 tantum

280 3344 766 3409 nominabuntur.
855 3346 1102 3407 Formas
1160 3363 1260 3405 eas
1314 3344 1402 3406 ita
1454 3344 1821 3419 notabimuS,
1886 3349 1956 3405 ut
2010 3346 2134 3407 e'ius
2186 3347 2359 3410 haias
2413 3347 2618 3421 quo'ius

285 3434 636 3498 scribamus.
2098 3435 2104 3439 ’

414 3605 417 3608 ,
458 3539 533 3602 A.
603 3543 787 3602 Eius
832 3543 1182 3603 trochaicum
1215 3545 1661 3617 parooeytonwm.

456 3649 600 3709 Loci
644 3646 973 3709 Plautini
1017 3650 1182 3708 sunt:

280 3739 499 3814 Amph.
544 3739 696 3814 prol.
744 3736 889 3797 108.
981 3735 1152 3797 Asin.
1200 3739 1345 3798 345.
1394 3739 1541 3798 393.
1590 3739 1736 3798 402.
1785 3739 1934 3799 531.
1985 3742 2128 3798 737.
2176 3740 2324 3800 811.
2415 3737 2617 3800 Aulul.

280 3828 430 3902 prol.
467 3830 564 3887 17.
611 3827 671 3885 II
704 3831 759 3904 1,
790 3828 895 3887 52.
940 3826 1156 3886 Bacch.
1195 3829 1297 3885 21.
1335 3829 1482 3887 284.
1524 3828 1670 3887 559.
1712 3828 1860 3887 986.
1909 3825 2079 3903 Oapt.
2111 3828 2255 3887 748.
2304 3826 2437 3887 Cas⁶
2465 3829 2616 3888 Ι24.

280 3915 343 3975 II
390 3919 449 3993 8,
500 3918 599 3976 14.
663 3916 725 3975 ΙΙ
771 3917 830 3993 8,
878 3917 981 3975 44.
1034 3915 1127 3974 III
1177 3918 1236 3990 2,
1282 3918 1384 3975 26.
1444 3916 1636 3992 1114,
1677 3918 1776 3977 13.
1842 3914 1987 3976 Cist.
2027 3916 2058 3975 Ι
2098 3918 2153 3990 2,
2197 3919 2295 3976 19.
2339 3916 2371 3975 I
2410 3920 2467 3991 2,
2505 3919 2616 3976 25:

599 4022 1194 4100 Suppositionemque
1240 4023 1364 4083 dius
1408 4023 1612 4117 facere
1650 4022 1865 4099 gratia.

280 4128 541 4188 Versum
578 4128 735 4189 enim
769 4131 834 4188 in
869 4128 926 4188 A
962 4125 1047 4191 sic
1083 4130 1207 4207 legi
1244 4129 1689 4190 Studemundus
1714 4194 1719 4200 ‚
1727 4129 1959 4207 petenti
2002 4130 2150 4191 mihi
2196 4128 2618 4190 liberalissime

283 4217 548 4295 scripsit:

550 4339 591 4400 s
613 4370 627 4386 ·
648 4340 697 4400 P
715 4370 730 4385 ·
750 4282 1741 4446 os1r1oNEMosssssusi¹Zffi3
1770 4282 2419 4436 siesArL-L]
