3009 4767
1431 226 1863 295 „44-

483 384 632 443 hanc
675 381 871 460 quem’
919 409 969 451 e.
1016 411 1070 467 q.
1120 411 1164 451 8.
1257 390 1422 463 Quae
1475 395 1661 456 verba
1705 393 1861 473 apud
1903 397 2312 495 Augustinum
2358 418 2591 477 quoque
2636 400 2809 474 quius

483 472 521 532 i.
569 493 617 535 e.
664 477 829 537 cuius
873 481 1211 554 ponendum
1256 500 1389 542 esse
1436 486 1816 546 ostendunt.

659 563 847 625 Paulo
904 569 1145 630 maioris
1210 575 1493 632 momenti
1554 575 1783 636 formae
1841 575 2185 647 decurtatae
2243 578 2387 639 locis
2446 578 2576 637 11118
2627 595 2812 653 supra

482 651 686 712 allatis
742 654 815 714 in
859 658 1156 721 codicibus
1204 665 1475 723 extantes
1520 664 1798 726 videntur
1841 686 1991 727 esse.
2080 667 2166 727 At
2210 670 2358 728 sunt
2398 667 2532 727 eius
2569 665 2809 743 generis

481 743 751 818 exempla
796 749 922 808 18111
966 766 1189 827 pauca,
1244 756 1318 814 ut
1373 755 1579 816 eodem
1621 755 1749 818 iure
1796 757 1873 815 ad
1915 756 2207 820 incuriam
2249 756 2629 822 librariorum
2673 774 2809 831 pro-

478 831 917 898 nuntiationem
961 840 1350 917 neglegenter
1395 841 1694 922 scriptura
1728 865 1964 922 quoque
1997 846 2373 908 reddentium
2408 863 2526 921 quo
2564 844 2641 906 ad
2677 863 2813 904 con

484 920 744 984 stantem
789 943 966 986 usum
1009 931 1277 992 revocari
1320 952 1497 1009 posse
1543 934 1876 995 videantur.
1940 934 2053 995 Vel
2088 936 2341 996 maxime
2378 954 2519 995 vero
2559 932 2814 1009 scriptu-

475 1025 575 1066 ras
621 1009 758 1072 illas
809 1014 1151 1079 decurtatas
1195 1021 1260 1080 in
1305 1022 1700 1099 suspicionem
1745 1027 1943 1101 vocat,
1990 1025 2148 1100 quod
2193 1025 2257 1084 in
2300 1021 2815 1100 inscriptionibus,

478 1115 728 1195 quarum
779 1122 816 1164 a
859 1104 975 1170 fide
1021 1108 1114 1172 his
1160 1110 1226 1174 in
1269 1111 1450 1172 rebus
1497 1114 1735 1175 omnino
1780 1113 2271 1190 proficiscendum
2308 1116 2418 1187 est,
2464 1112 2659 1174 nullas
2709 1130 2814 1170 eas

477 1196 835 1276 arcuimus,
879 1202 1060 1263 immo
1106 1201 1212 1261 ubi
1255 1204 1592 1264 necessario
1636 1203 1905 1279 genetivi
1947 1202 2349 1280 monosyllabi
2394 1203 2555 1276 sunt,
2598 1200 2817 1276 plenae

482 1290 704 1350 formae
750 1290 1126 1352 adhibentur.
1199 1291 1296 1351 Sic
1341 1292 1405 1350 in
1451 1293 1685 1364 senario
1730 1296 1945 1368 quarto
1990 1292 2154 1351 tituli
2192 1290 2537 1368 sepulcralis
2575 1282 2752 1368 (CIL.
2783 1288 2847 1347 I-

479 1396 536 1436 n.
569 1381 738 1438 1422
771 1405 854 1428 ==
882 1381 1230 1442 Buecheler.
1277 1381 1440 1440 anth.
1488 1382 1673 1458 epigr.
1718 1381 1852 1442 Lat.
1898 1400 2052 1457 spec.
2098 1380 2129 1439 I
2172 1400 2229 1440 n.
2280 1375 2419 1462 26):

807 1506 1024 1581 Quoius
1068 1506 1261 1564 fatum
1306 1506 1588 1565 acerbum
1632 1506 1889 1586 populus
1933 1505 2175 1582 indigne
2219 1504 2380 1579 tulit,

486 1607 715 1687 pariter
759 1613 1159 1716 inscriptionis
1207 1606 1582 1720 (Buecheler.
1628 1613 1667 1671 l.
1713 1613 1751 1671 1.
1797 1632 1853 1673 n.
1894 1614 1975 1673 27
2025 1631 2096 1672 ex
2141 1611 2398 1672 Grutero
2450 1614 2618 1671 1152
2666 1630 2721 1670 n.
2747 1607 2819 1691 2)

481 1703 543 1760 in
590 1704 822 1764 senario
867 1702 1048 1763 tertio
1947 1752 2089 1783 Α

801 1791 1064 1869 86116118.
1110 1790 1242 1852 11616
1289 1792 1406 1852 sita
1451 1810 1584 1852 sum
1629 1795 1836 1866 verna,
1884 1794 2087 1866 quoius
2132 1791 2416 1850 aetatula.

483 1879 760 1940 Addendi
804 1881 985 1941 etiam
1034 1884 1177 1941 sunt
1218 1881 1284 1940 in
1328 1881 1546 1957 quibus
1582 1899 1863 1940 mensura
1898 1880 2315 1957 monosyllaba
2350 1897 2645 1939 summam
2682 1899 2819 1956 pro-

480 1969 856 2031 habilitatem
900 1970 1085 2030 habet
1131 1967 1409 2045 saturnii,
1475 1971 1632 2030 alter
1678 1969 1858 2048 elogii
1903 1967 2192 2046 Scipionis
2238 1969 2489 2072 Barbati
2538 1969 2623 2029 sic
2668 1969 2821 2029 mihi

482 2059 557 2118 ab
603 2058 870 2120 Usenero
917 2059 1391 2120 commendatus:

872 2143 1014 2177 Α

801 2185 1018 2260 Quoius
1061 2186 1254 2245 forma
1299 2185 1547 2245 virtutei
1591 2187 1897 2260 parisuma
1940 2183 2075 2245 fuit.

485 2273 641 2333 alter
688 2274 855 2333 tituli
899 2274 1248 2336 Mummiani
1296 2267 1470 2356 (CIL.
1517 2273 1548 2332 I
1594 2274 1740 2332 541.
1785 2271 2132 2332 Buecheler.
2178 2273 2216 2330 l.
2264 2272 2301 2331 l.
2347 2270 2408 2330 II
2453 2290 2510 2331 n.
2561 2264 2628 2352 2)

664 2357 673 2367 ’
801 2361 1004 2422 Ductu
1050 2363 1314 2441 auspicio
1359 2362 1728 2441 imperioque
1775 2364 1898 2422 cius
1942 2361 2171 2421 Achaia
2217 2364 2408 2437 capta.

663 2450 830 2522 Quae
876 2472 1010 2513 cum
1053 2453 1143 2512 ita
1189 2453 1325 2528 sint,
1371 2442 1786 2527 descriptura
1820 2450 2091 2510 breviore
2126 2451 2540 2529 genetivorum
2574 2449 2821 2510 illorum

492 2541 669 2601 aliter
715 2543 980 2601 statuere
1024 2561 1144 2601 non
1186 2560 1520 2617 possumne,
1566 2539 1685 2599 nisi
1728 2542 1799 2599 ut
1844 2540 1917 2599 de
1963 2542 2124 2602 'certo
2163 2543 2232 2601 66
2268 2558 2385 2608 686
2420 2540 2519 2601 vel
2562 2538 2823 2599 maxime

489 2628 883 2698 dubitandum
929 2650 1060 2694 esse
1105 2630 1387 2692 dicamus.

662 2848 791 2910 Iam
837 2848 1109 2923 exempla
1144 2849 1278 2910 6168
1311 2846 1484 2908 hams
1521 2846 1725 2920 quoius
1768 2843 2314 2922 monosyllaborum
2359 2843 2823 2920 subsequantur.

541 2973 1071 3034 'AUEz'us'

594 3143 599 3158 ,ι
662 3077 844 3160 Apud
886 3080 1228 3140 Plautum
1274 3082 1391 3140 est:

486 3168 705 3245 Amph.
760 3171 909 3245 prol.
959 3171 1061 3230 85.
1139 3169 1264 3229 645
1332 3160 1496 3248 (cum
1551 3159 1934 3228 Fleckeiseno
1987 3165 2231 3240 metior3
2303 3163 2454 3224 nihil
2517 3162 2829 3240 8116686111

468 3257 559 3317 ’Τ.
606 3258 685 3317 Μ.
730 3255 931 3318 Ρ1861.
981 3260 1108 3319 120
1169 3257 1473 3335 discriptio
1534 3249 1755 3335 mutat)
1818 3256 1963 3315 989.
2019 3249 2399 3315 991.1004
2458 3245 2604 3332 (esse
2663 3247 2826 3329 quod

486 3337 814 3424 desiderari
858 3367 979 3408 non
1022 3348 1202 3408 debet
1237 3366 1274 3406 a
1299 3345 1685 3406 Fleckeiseno
1729 3344 2022 3404 insertum
2064 3334 2289 3422 recepi)
2336 3339 2504 3402 Asin.
2533 3344 2636 3403 81.
2682 3342 2827 3402 Aul.

484 3417 643 3523 prol.
666 3435 766 3495 25.
811 3433 1029 3498 Bacch.
1061 3439 1208 3498 367.
1258 3438 1406 3497 676.
1452 3433 1622 3513 Capt.
1664 3433 1797 3496 107
1846 3425 2326 3515 (Fleckeisenum
2372 3433 2611 3491 secutus
2661 3425 2827 3511 sum)

455 3525 633 3585 '146.
684 3527 828 3606 289.
868 3528 1023 3587 ’350
1070 3527 1202 3586 940
1247 3516 1557 3624 (mensura
1603 3511 1727 3583 ecus
1759 3523 1836 3590 zat
1879 3524 1932 3583 ci
1976 3541 2112 3581 66111
2155 3539 2277 3581 11611
2317 3524 2400 3589 ut,
2451 3520 2558 3581 sed
2603 3522 2656 3580 ei
2698 3519 2829 3580 ictu

485 3614 685 3694 efferri
729 3634 840 3692 par
886 3615 988 3690 sit,
1045 3615 1240 3674 minus
1294 3615 1472 3689 quam
1532 3614 1655 3673 eius
1706 3616 1771 3672 ut
1825 3612 1877 3672 c'i
1930 3613 2153 3690 placet3
2215 3610 2338 3669 e‘ius
2389 3614 2457 3669 ut
2509 3608 2568 3667 et·
2618 3612 2827 3669 autem

485 3723 733 3782 pravus
755 3703 1030 3781 dactylus
1079 3697 1196 3784 est)
1244 3699 1390 3763 Cist.
1416 3702 1448 3761 I
1483 3706 1536 3779 1,
1561 3701 1706 3762 102.
1754 3701 1931 3760 Merc.
1967 3695 2118 3776 prol.
2141 3700 2287 3758 105.
2311 3699 2465 3759 445.
2497 3696 2643 3758 650.
2676 3700 2827 3758 995.

485 3793 612 3866 Μ11.
669 3795 817 3853 960.
875 3794 1018 3854 975.
1080 3793 1269 3853 1133.
1340 3789 1519 3852 Most.
1567 3774 1693 3852 975
1743 3783 2004 3870 (hiatum
2065 3805 2198 3848 cum
2242 3783 2618 3848 Bitschelio
2622 3783 2685 3846 in
2741 3783 2829 3846 di-

485 3881 721 3964 11861681
769 3860 1091 3958 septenarii
1135 3882 1322 3941 troch.
1358 3881 1503 3940 forti
1547 3879 1863 3940 accedente
1907 3876 2384 3954 interpunctione
2430 3875 2662 3953 admisi,
2708 3895 2840 3951 quo=

491 3959 561 4030 fit
605 3955 675 4031 ut
719 3972 914 4031 altera
958 3988 1168 4031 versus
1213 3989 1353 4046 pars
1393 3970 1486 4029 816
1531 3971 1800 4030 notetur.
1847 3968 1984 4029 dio.
2015 3967 2142 4025 ‚Et
2174 3967 2485 4041 postquam
2528 3966 2651 4025 eius
2694 3963 2832 4025 hinc

481 4065 688 4138 pamm
747 4060 925 4119 aliter
970 4063 1023 4119 et
1066 4059 1362 4120 im'merito
1410 4058 1521 4117 sub
1567 4051 1692 4118 1616
1739 4050 1925 4135 68861)
1976 4057 2121 4116 985.
2175 4054 2341 4115 Pers.
2393 4055 2517 4114 182
2566 4045 2650 4133 (et
2691 4073 2829 4114 cum
2945 4089 2948 4098 ·

487 4148 814 4209 Bitschelio
859 4140 1066 4226 1111611)
1120 4147 1301 4209 Ρ6611.
1346 4147 1496 4226 prol.
1545 4148 1646 4208 48.
1691 4144 1723 4203 I
1762 4147 1819 4220 2,
1860 4148 1960 4205 36.
2016 4141 2103 4202 IV
2143 4148 2297 4222 2,1.
2351 4141 2408 4202 V
2449 4147 2504 4217 1,
2543 4143 2627 4202 24
2676 4136 2830 4224 (cius

489 4239 688 4324 fh'limn
732 4256 851 4298 esse
897 4258 946 4298 e.
994 4256 1054 4314 q.
1097 4229 1171 4317 8.)
1225 4233 1374 4295 Rud.
1421 4235 1570 4311 prol.
1620 4237 1720 4294 52.
1770 4237 1914 4295 127.
1967 4191 2390 4294 1204.1’277.
2447 4229 2629 4294 Stich.
2682 4233 2828 4293 169.

493 4329 641 4388 433.
718 4325 878 4388 Trin.
930 4330 1074 4388 737.
1126 4327 1270 4387 741.
1319 4327 1465 4386 967.
1540 4321 1712 4384 Tmo.
1760 4317 1816 4381 V
1865 4324 1965 4383 75.

679 4414 861 4491 Apud
904 4415 1190 4476 Plautum
1235 4413 1358 4475 eius
1403 4416 1497 4474 est
1542 4416 1779 4490 triyinta
1821 4430 2022 4475 novem
2063 4410 2227 4473 16618.
