<?xml version="1.0" encoding="UTF-8"?>
<!DOCTYPE html PUBLIC "-//W3C//DTD XHTML 1.0 Transitional//EN"
    "http://www.w3.org/TR/xhtml1/DTD/xhtml1-transitional.dtd">
<html xmlns="http://www.w3.org/1999/xhtml" xml:lang="en" lang="en">
 <head>
  <title>
</title>
<meta http-equiv="Content-Type" content="text/html;charset=utf-8" />
  <meta name='ocr-system' content='tesseract 3.04.00' />
  <meta name='ocr-capabilities' content='ocr_page ocr_carea ocr_par ocr_line ocrx_word'/>
</head>
<body>
  <div class='ocr_page' id='page_1' title='image "./devariaquaeesta01brangoog_0068.png"; bbox 0 0 3009 4767; ppageno 0'>
   <div class='ocr_carea' id='block_1_1' title="bbox 1368 226 1804 293">
    <p class='ocr_par' dir='ltr' id='par_1_1' title="bbox 1368 226 1804 293">
     <span class='ocr_line' id='line_1_1' title="bbox 1368 226 1804 293; baseline 0.002 -19"><span class='ocrx_word' id='word_1_1' title='bbox 1368 226 1804 293; x_wconf 63' lang='grc'>...64-</span> 
     </span>
    </p>
   </div>
   <div class='ocr_carea' id='block_1_2' title="bbox 423 481 2758 1078">
    <p class='ocr_par' dir='ltr' id='par_1_2' title="bbox 423 481 2758 1078">
     <span class='ocr_line' id='line_1_2' title="bbox 743 481 2753 559; baseline 0 -17"><span class='ocrx_word' id='word_1_2' title='bbox 743 482 1153 558; x_wconf 83' lang='lat' dir='ltr'><strong>Suspicionem</strong></span> <span class='ocrx_word' id='word_1_3' title='bbox 1216 481 1367 543; x_wconf 89' lang='lat' dir='ltr'><strong>hanc</strong></span> <span class='ocrx_word' id='word_1_4' title='bbox 1428 483 1677 559; x_wconf 80' lang='lat' dir='ltr'><strong>propter</strong></span> <span class='ocrx_word' id='word_1_5' title='bbox 1737 483 1990 544; x_wconf 86' lang='lat' dir='ltr'><strong>fratrem</strong></span> <span class='ocrx_word' id='word_1_6' title='bbox 2054 501 2210 543; x_wconf 86' lang='lat' dir='ltr'><strong>esse:</strong></span> <span class='ocrx_word' id='word_1_7' title='bbox 2264 483 2407 543; x_wconf 57' lang='lat' dir='ltr'><strong>vius</strong></span> <span class='ocrx_word' id='word_1_8' title='bbox 2468 485 2528 542; x_wconf 89' lang='lat' dir='ltr'><strong>et</strong></span> <span class='ocrx_word' id='word_1_9' title='bbox 2584 481 2753 542; x_wconf 88' lang='lat' dir='ltr'><strong>illam</strong></span> 
     </span>
     <span class='ocr_line' id='line_1_3' title="bbox 1236 570 2451 648; baseline 0.001 -16"><span class='ocrx_word' id='word_1_10' title='bbox 1236 596 1245 604; x_wconf 81' lang='lat'><strong>·</strong></span> <span class='ocrx_word' id='word_1_11' title='bbox 2119 570 2451 648; x_wconf 72' lang='lat' dir='ltr'><strong>psaltriam.</strong></span> 
     </span>
     <span class='ocr_line' id='line_1_4' title="bbox 423 659 2750 736; baseline -0.001 -14"><span class='ocrx_word' id='word_1_12' title='bbox 423 662 593 722; x_wconf 87' lang='lat' dir='ltr'><strong>Hanc</strong></span> <span class='ocrx_word' id='word_1_13' title='bbox 638 661 930 720; x_wconf 88' lang='lat' dir='ltr'><strong>librorum</strong></span> <span class='ocrx_word' id='word_1_14' title='bbox 975 660 1333 736; x_wconf 76' lang='lat' dir='ltr'><strong>scripturam</strong></span> <span class='ocrx_word' id='word_1_15' title='bbox 1378 679 1415 720; x_wconf 89' lang='lat' dir='ltr'><strong>a</strong></span> <span class='ocrx_word' id='word_1_16' title='bbox 1458 659 1697 721; x_wconf 88' lang='lat' dir='ltr'><strong>Donato</strong></span> <span class='ocrx_word' id='word_1_17' title='bbox 1744 661 2156 722; x_wconf 84' lang='lat' dir='ltr'><strong>confirmatam</strong></span> <span class='ocrx_word' id='word_1_18' title='bbox 2199 659 2618 721; x_wconf 85' lang='lat' dir='ltr'><strong>Fleckeisenus</strong></span> <span class='ocrx_word' id='word_1_19' title='bbox 2662 660 2750 719; x_wconf 91' lang='lat' dir='ltr'><strong>in-</strong></span> 
     </span>
     <span class='ocr_line' id='line_1_5' title="bbox 429 742 2755 829; baseline 0 -17"><span class='ocrx_word' id='word_1_20' title='bbox 429 753 781 828; x_wconf 74' lang='lat' dir='ltr'><strong>sequentem</strong></span> <span class='ocrx_word' id='word_1_21' title='bbox 831 768 1074 810; x_wconf 86' lang='lat' dir='ltr'><strong>versum</strong></span> <span class='ocrx_word' id='word_1_22' title='bbox 1129 748 1414 809; x_wconf 78' lang='lat' dir='ltr'><strong>excidisse</strong></span> <span class='ocrx_word' id='word_1_23' title='bbox 1466 751 1637 811; x_wconf 86' lang='lat' dir='ltr'><strong>ratus</strong></span> <span class='ocrx_word' id='word_1_24' title='bbox 1684 750 1959 825; x_wconf 74' lang='lat' dir='ltr'><strong>retinuit,</strong></span> <span class='ocrx_word' id='word_1_25' title='bbox 2021 749 2333 810; x_wconf 86' lang='lat' dir='ltr'><strong>Bentleius</strong></span> <span class='ocrx_word' id='word_1_26' title='bbox 2388 742 2505 827; x_wconf 90' lang='lat' dir='ltr'><strong>(IV</strong></span> <span class='ocrx_word' id='word_1_27' title='bbox 2560 752 2597 811; x_wconf 90' lang='lat'><strong>3</strong></span> <span class='ocrx_word' id='word_1_28' title='bbox 2610 796 2626 826; x_wconf 85' lang='lat'>‚</span> <span class='ocrx_word' id='word_1_29' title='bbox 2685 742 2755 829; x_wconf 81' lang='lat'><strong>9)</strong></span> 
     </span>
     <span class='ocr_line' id='line_1_6' title="bbox 427 838 2758 914; baseline -0.001 -15"><span class='ocrx_word' id='word_1_30' title='bbox 427 841 683 900; x_wconf 85' lang='lat' dir='ltr'><strong>alteram</strong></span> <span class='ocrx_word' id='word_1_31' title='bbox 728 857 938 899; x_wconf 81' lang='lat' dir='ltr'><strong>versus</strong></span> <span class='ocrx_word' id='word_1_32' title='bbox 983 840 1219 914; x_wconf 86' lang='lat' dir='ltr'><strong>partem</strong></span> <span class='ocrx_word' id='word_1_33' title='bbox 1263 841 1462 899; x_wconf 86' lang='lat' dir='ltr'><strong>mutat</strong></span> <span class='ocrx_word' id='word_1_34' title='bbox 1505 841 1630 900; x_wconf 78' lang='lat' dir='ltr'><strong>eius</strong></span> <span class='ocrx_word' id='word_1_35' title='bbox 1665 849 1784 901; x_wconf 69' lang='lat' dir='ltr'><strong>esse</strong></span> <span class='ocrx_word' id='word_1_36' title='bbox 1817 841 1984 901; x_wconf 81' lang='lat' dir='ltr'><strong>illam</strong></span> <span class='ocrx_word' id='word_1_37' title='bbox 2007 840 2340 913; x_wconf 72' lang='lat' dir='ltr'><strong>psaltriam.</strong></span> <span class='ocrx_word' id='word_1_38' title='bbox 2404 838 2522 897; x_wconf 82' lang='lat' dir='ltr'><strong>Sed</strong></span> <span class='ocrx_word' id='word_1_39' title='bbox 2556 841 2758 914; x_wconf 87' lang='lat' dir='ltr'><strong>potest</strong></span> 
     </span>
     <span class='ocr_line' id='line_1_7' title="bbox 424 928 1467 1003; baseline 0.002 -16"><span class='ocrx_word' id='word_1_40' title='bbox 424 930 607 989; x_wconf 87' lang='lat' dir='ltr'><strong>etiam</strong></span> <span class='ocrx_word' id='word_1_41' title='bbox 651 928 771 987; x_wconf 90' lang='lat' dir='ltr'><strong>alia</strong></span> <span class='ocrx_word' id='word_1_42' title='bbox 817 928 1157 1003; x_wconf 87' lang='lat' dir='ltr'><strong>corruptela</strong></span> <span class='ocrx_word' id='word_1_43' title='bbox 1202 928 1467 989; x_wconf 88' lang='lat' dir='ltr'><strong>subesse.</strong></span> 
     </span>
     <span class='ocr_line' id='line_1_8' title="bbox 510 1018 867 1078; baseline -0.003 -1"><span class='ocrx_word' id='word_1_44' title='bbox 510 1019 663 1078; x_wconf 85' lang='lat' dir='ltr'><strong>Eun.</strong></span> <span class='ocrx_word' id='word_1_45' title='bbox 711 1018 867 1078; x_wconf 79' lang='lat'><strong>839:</strong></span> 
     </span>
    </p>
   </div>
   <div class='ocr_carea' id='block_1_3' title="bbox 739 1105 2397 1185">
    <p class='ocr_par' dir='ltr' id='par_1_3' title="bbox 739 1105 2397 1185">
     <span class='ocr_line' id='line_1_9' title="bbox 739 1105 2397 1185; baseline 0.001 -21"><span class='ocrx_word' id='word_1_46' title='bbox 739 1105 1027 1166; x_wconf 75' lang='lat' dir='ltr'><strong>Videtur:</strong></span> <span class='ocrx_word' id='word_1_47' title='bbox 1072 1125 1191 1166; x_wconf 86' lang='lat' dir='ltr'><strong>non</strong></span> <span class='ocrx_word' id='word_1_48' title='bbox 1235 1106 1371 1167; x_wconf 80' lang='lat' dir='ltr'><strong>est?</strong></span> <span class='ocrx_word' id='word_1_49' title='bbox 1418 1110 1554 1167; x_wconf 81' lang='lat' dir='ltr'><strong>tum</strong></span> <span class='ocrx_word' id='word_1_50' title='bbox 1598 1126 1751 1185; x_wconf 83' lang='lat' dir='ltr'><strong>quae</strong></span> <span class='ocrx_word' id='word_1_51' title='bbox 1799 1110 1922 1169; x_wconf 79' lang='lat' dir='ltr'><strong>eius</strong></span> <span class='ocrx_word' id='word_1_52' title='bbox 1965 1105 2397 1168; x_wconf 77' lang='lat' dir='ltr'><strong>confidentiast.</strong></span> 
     </span>
    </p>
   </div>
   <div class='ocr_carea' id='block_1_4' title="bbox 423 1206 2367 1468">
    <p class='ocr_par' dir='ltr' id='par_1_4' title="bbox 423 1206 2367 1468">
     <span class='ocr_line' id='line_1_10' title="bbox 423 1206 2274 1294; baseline 0 -20"><span class='ocrx_word' id='word_1_53' title='bbox 423 1213 519 1274; x_wconf 86' lang='lat' dir='ltr'><strong>Sic</strong></span> <span class='ocrx_word' id='word_1_54' title='bbox 540 1209 545 1213; x_wconf 72' lang='grc'><strong><em>’</em></strong></span> <span class='ocrx_word' id='word_1_55' title='bbox 565 1233 699 1274; x_wconf 90' lang='lat' dir='ltr'><strong>cum</strong></span> <span class='ocrx_word' id='word_1_56' title='bbox 742 1212 914 1274; x_wconf 89' lang='lat' dir='ltr'><strong>libris</strong></span> <span class='ocrx_word' id='word_1_57' title='bbox 959 1211 1487 1288; x_wconf 79' lang='lat' dir='ltr'><strong>UmpfenbachiuS.</strong></span> <span class='ocrx_word' id='word_1_58' title='bbox 1569 1214 1881 1274; x_wconf 86' lang='lat' dir='ltr'><strong>Bentleius</strong></span> <span class='ocrx_word' id='word_1_59' title='bbox 1930 1206 2016 1294; x_wconf 85' lang='lat' dir='ltr'><strong>(V</strong></span> <span class='ocrx_word' id='word_1_60' title='bbox 2049 1217 2105 1291; x_wconf 91' lang='lat'><strong>1,</strong></span> <span class='ocrx_word' id='word_1_61' title='bbox 2138 1210 2274 1291; x_wconf 83' lang='lat'><strong>23):</strong></span> 
     </span>
     <span class='ocr_line' id='line_1_11' title="bbox 742 1301 2367 1382; baseline 0.001 -22"><span class='ocrx_word' id='word_1_62' title='bbox 742 1301 1000 1361; x_wconf 77' lang='lat' dir='ltr'><strong>Videtur</strong></span> <span class='ocrx_word' id='word_1_63' title='bbox 1028 1325 1042 1361; x_wconf 95' lang='lat'><strong>:</strong></span> <span class='ocrx_word' id='word_1_64' title='bbox 1072 1323 1087 1360; x_wconf 92' lang='lat'><strong>:</strong></span> <span class='ocrx_word' id='word_1_65' title='bbox 1115 1301 1253 1362; x_wconf 87' lang='lat' dir='ltr'><strong>Non</strong></span> <span class='ocrx_word' id='word_1_66' title='bbox 1279 1324 1294 1362; x_wconf 92' lang='lat'><strong>:</strong></span> <span class='ocrx_word' id='word_1_67' title='bbox 1324 1324 1338 1361; x_wconf 91' lang='lat'><strong>:</strong></span> <span class='ocrx_word' id='word_1_68' title='bbox 1370 1303 1524 1361; x_wconf 87' lang='lat' dir='ltr'><strong>Tum</strong></span> <span class='ocrx_word' id='word_1_69' title='bbox 1569 1308 1724 1380; x_wconf 74' lang='lat' dir='ltr'><strong>quae</strong></span> <span class='ocrx_word' id='word_1_70' title='bbox 1769 1307 1893 1364; x_wconf 79' lang='lat' dir='ltr'><strong>eius</strong></span> <span class='ocrx_word' id='word_1_71' title='bbox 1937 1302 2367 1382; x_wconf 67' lang='lat' dir='ltr'><strong>confidentiast.</strong></span> 
     </span>
     <span class='ocr_line' id='line_1_12' title="bbox 429 1407 1108 1468; baseline -0.001 0"><span class='ocrx_word' id='word_1_72' title='bbox 429 1407 850 1468; x_wconf 86' lang='lat' dir='ltr'><strong>Fleckeisenus</strong></span> <span class='ocrx_word' id='word_1_73' title='bbox 898 1407 1108 1467; x_wconf 85' lang='lat' dir='ltr'><strong>edidit:</strong></span> 
     </span>
    </p>
   </div>
   <div class='ocr_carea' id='block_1_5' title="bbox 420 1496 2752 1951">
    <p class='ocr_par' dir='ltr' id='par_1_5' title="bbox 420 1496 2752 1931">
     <span class='ocr_line' id='line_1_13' title="bbox 741 1496 2266 1574; baseline 0.002 -20"><span class='ocrx_word' id='word_1_74' title='bbox 741 1496 1025 1557; x_wconf 78' lang='lat' dir='ltr'><strong>Videtur:</strong></span> <span class='ocrx_word' id='word_1_75' title='bbox 1063 1499 1193 1557; x_wconf 89' lang='lat' dir='ltr'><strong>tum</strong></span> <span class='ocrx_word' id='word_1_76' title='bbox 1239 1502 1429 1558; x_wconf 78' lang='lat' dir='ltr'><strong>autem</strong></span> <span class='ocrx_word' id='word_1_77' title='bbox 1474 1517 1627 1574; x_wconf 88' lang='lat' dir='ltr'><strong>quae</strong></span> <span class='ocrx_word' id='word_1_78' title='bbox 1673 1499 1795 1559; x_wconf 72' lang='lat' dir='ltr'><strong>e&#39;ius</strong></span> <span class='ocrx_word' id='word_1_79' title='bbox 1839 1497 2266 1562; x_wconf 78' lang='lat' dir='ltr'><strong>confidentiast.</strong></span> 
     </span>
     <span class='ocr_line' id='line_1_14' title="bbox 515 1586 955 1646; baseline 0 -2"><span class='ocrx_word' id='word_1_80' title='bbox 515 1586 751 1646; x_wconf 90' lang='lat' dir='ltr'><strong>Phorm.</strong></span> <span class='ocrx_word' id='word_1_81' title='bbox 802 1588 834 1644; x_wconf 94' lang='lat'>1</span> <span class='ocrx_word' id='word_1_82' title='bbox 847 1588 881 1644; x_wconf 84' lang='lat'>7</span> <span class='ocrx_word' id='word_1_83' title='bbox 890 1586 955 1644; x_wconf 86' lang='lat'><strong>6:</strong></span> 
     </span>
     <span class='ocr_line' id='line_1_15' title="bbox 741 1673 2535 1753; baseline 0.002 -20"><span class='ocrx_word' id='word_1_84' title='bbox 741 1674 829 1733; x_wconf 85' lang='lat' dir='ltr'><strong>Ut</strong></span> <span class='ocrx_word' id='word_1_85' title='bbox 873 1679 1063 1751; x_wconf 76' lang='lat' dir='ltr'><strong>neque</strong></span> <span class='ocrx_word' id='word_1_86' title='bbox 1107 1675 1192 1733; x_wconf 80' lang='lat' dir='ltr'><strong>mi</strong></span> <span class='ocrx_word' id='word_1_87' title='bbox 1235 1677 1330 1734; x_wconf 77' lang='lat' dir='ltr'><strong>ius</strong></span> <span class='ocrx_word' id='word_1_88' title='bbox 1375 1677 1455 1736; x_wconf 86' lang='lat' dir='ltr'><strong>sit</strong></span> <span class='ocrx_word' id='word_1_89' title='bbox 1500 1677 1814 1737; x_wconf 78' lang='lat' dir='ltr'><strong>amittendi</strong></span> <span class='ocrx_word' id='word_1_90' title='bbox 1856 1682 1963 1737; x_wconf 81' lang='lat' dir='ltr'><strong>nec</strong></span> <span class='ocrx_word' id='word_1_91' title='bbox 2007 1675 2307 1736; x_wconf 85' lang='lat' dir='ltr'><strong>retinendi</strong></span> <span class='ocrx_word' id='word_1_92' title='bbox 2351 1673 2535 1753; x_wconf 75' lang='lat' dir='ltr'><strong>copia.</strong></span> 
     </span>
     <span class='ocr_line' id='line_1_16' title="bbox 423 1756 2752 1848; baseline 0 -24"><span class='ocrx_word' id='word_1_93' title='bbox 423 1764 519 1824; x_wconf 87' lang='lat' dir='ltr'><strong>Sic</strong></span> <span class='ocrx_word' id='word_1_94' title='bbox 561 1783 803 1824; x_wconf 86' lang='lat' dir='ltr'><strong>versum</strong></span> <span class='ocrx_word' id='word_1_95' title='bbox 848 1782 983 1823; x_wconf 90' lang='lat' dir='ltr'><strong>cum</strong></span> <span class='ocrx_word' id='word_1_96' title='bbox 1017 1763 1291 1823; x_wconf 84' lang='lat' dir='ltr'><strong>Bentleio</strong></span> <span class='ocrx_word' id='word_1_97' title='bbox 1330 1756 1389 1843; x_wconf 87' lang='grc' dir='ltr'><strong>(Ι</strong></span> <span class='ocrx_word' id='word_1_98' title='bbox 1419 1768 1477 1843; x_wconf 98' lang='grc'><strong>3,</strong></span> <span class='ocrx_word' id='word_1_99' title='bbox 1510 1757 1621 1848; x_wconf 83' lang='lat'><strong>24)</strong></span> <span class='ocrx_word' id='word_1_100' title='bbox 1659 1767 1884 1842; x_wconf 83' lang='lat' dir='ltr'><strong>scripsi.</strong></span> <span class='ocrx_word' id='word_1_101' title='bbox 1947 1767 2089 1828; x_wconf 71' lang='lat' dir='ltr'><strong>mihi</strong></span> <span class='ocrx_word' id='word_1_102' title='bbox 2126 1768 2249 1825; x_wconf 79' lang='lat' dir='ltr'><strong>eius</strong></span> <span class='ocrx_word' id='word_1_103' title='bbox 2285 1765 2510 1825; x_wconf 89' lang='lat' dir='ltr'><strong>codices</strong></span> <span class='ocrx_word' id='word_1_104' title='bbox 2549 1784 2752 1825; x_wconf 89' lang='lat' dir='ltr'><strong>omnes</strong></span> 
     </span>
     <span class='ocr_line' id='line_1_17' title="bbox 420 1851 2751 1951; baseline 0 -38"><span class='ocrx_word' id='word_1_105' title='bbox 420 1857 702 1930; x_wconf 81' lang='lat' dir='ltr'><strong>praeter</strong></span> <span class='ocrx_word' id='word_1_106' title='bbox 718 1853 775 1913; x_wconf 88' lang='lat' dir='ltr'>A</span> <span class='ocrx_word' id='word_1_107' title='bbox 830 1856 893 1911; x_wconf 87' lang='lat' dir='ltr'><strong>et</strong></span> <span class='ocrx_word' id='word_1_108' title='bbox 948 1852 1014 1913; x_wconf 92' lang='lat' dir='ltr'><strong>F.</strong></span> <span class='ocrx_word' id='word_1_109' title='bbox 1100 1853 1173 1913; x_wconf 93' lang='lat' dir='ltr'><strong>In</strong></span> <span class='ocrx_word' id='word_1_110' title='bbox 1228 1851 1284 1912; x_wconf 87' lang='lat' dir='ltr'>A</span> <span class='ocrx_word' id='word_1_111' title='bbox 1338 1873 1474 1914; x_wconf 90' lang='lat' dir='ltr'><strong>cum</strong></span> <span class='ocrx_word' id='word_1_112' title='bbox 1527 1854 1723 1931; x_wconf 87' lang='lat' dir='ltr'><strong>prima</strong></span> <span class='ocrx_word' id='word_1_113' title='bbox 1773 1874 1986 1915; x_wconf 87' lang='lat' dir='ltr'><strong>manus</strong></span> <span class='ocrx_word' id='word_1_114' title='bbox 2033 1857 2155 1915; x_wconf 80' lang='lat' dir='ltr'><strong>eius</strong></span> <span class='ocrx_word' id='word_1_115' title='bbox 2178 1854 2495 1951; x_wconf 30' lang='lat' dir='ltr'><strong>”omiserit,</strong></span> <span class='ocrx_word' id='word_1_116' title='bbox 2543 1874 2581 1915; x_wconf 87' lang='lat' dir='ltr'><strong>a</strong></span> <span class='ocrx_word' id='word_1_117' title='bbox 2626 1873 2751 1915; x_wconf 86' lang='lat' dir='ltr'><strong>cor-</strong></span> 
     </span>
    </p>
   </div>
   <div class='ocr_carea' id='block_1_6' title="bbox 420 1940 2761 3357">
    <p class='ocr_par' dir='ltr' id='par_1_6' title="bbox 420 1940 2235 2108">
     <span class='ocr_line' id='line_1_18' title="bbox 420 1940 2235 2037; baseline 0.002 -18"><span class='ocrx_word' id='word_1_118' title='bbox 420 1962 652 2019; x_wconf 80' lang='lat' dir='ltr'><strong>rectore</strong></span> <span class='ocrx_word' id='word_1_119' title='bbox 696 1959 922 2018; x_wconf 79' lang='lat' dir='ltr'><strong>recenti</strong></span> <span class='ocrx_word' id='word_1_120' title='bbox 966 1978 1149 2036; x_wconf 87' lang='lat' dir='ltr'><strong>supra</strong></span> <span class='ocrx_word' id='word_1_121' title='bbox 1194 1960 1483 2036; x_wconf 85' lang='lat' dir='ltr'><strong>seriptum</strong></span> <span class='ocrx_word' id='word_1_122' title='bbox 1528 1965 1637 2037; x_wconf 83' lang='lat' dir='ltr'><strong>est,</strong></span> <span class='ocrx_word' id='word_1_123' title='bbox 1684 1963 1747 2021; x_wconf 92' lang='lat' dir='ltr'><strong>in</strong></span> <span class='ocrx_word' id='word_1_124' title='bbox 1791 1961 1839 2020; x_wconf 93' lang='lat' dir='ltr'><strong>F</strong></span> <span class='ocrx_word' id='word_1_125' title='bbox 1887 1963 1982 2022; x_wconf 88' lang='lat' dir='ltr'><strong>est</strong></span> <span class='ocrx_word' id='word_1_126' title='bbox 2022 1940 2083 2020; x_wconf 61' lang='lat' dir='ltr'><strong>‘ni</strong></span> <span class='ocrx_word' id='word_1_127' title='bbox 2126 1948 2235 2022; x_wconf 75' lang='lat' dir='ltr'><strong>ius·</strong></span> 
     </span>
     <span class='ocr_line' id='line_1_19' title="bbox 513 2046 962 2108; baseline 0.002 -2"><span class='ocrx_word' id='word_1_128' title='bbox 513 2046 752 2108; x_wconf 88' lang='lat' dir='ltr'><strong>Phorm.</strong></span> <span class='ocrx_word' id='word_1_129' title='bbox 807 2049 962 2108; x_wconf 78' lang='lat'><strong>783:</strong></span> 
     </span>
    </p>

    <p class='ocr_par' dir='ltr' id='par_1_7' title="bbox 744 2136 2306 2215">
     <span class='ocr_line' id='line_1_20' title="bbox 744 2136 2306 2215; baseline 0.003 -20"><span class='ocrx_word' id='word_1_130' title='bbox 744 2136 920 2198; x_wconf 83' lang='lat' dir='ltr'><strong>Nunc</strong></span> <span class='ocrx_word' id='word_1_131' title='bbox 965 2138 1103 2197; x_wconf 76' lang='lat' dir='ltr'><strong>hinc</strong></span> <span class='ocrx_word' id='word_1_132' title='bbox 1147 2138 1387 2199; x_wconf 91' lang='lat' dir='ltr'><strong>domum</strong></span> <span class='ocrx_word' id='word_1_133' title='bbox 1432 2139 1533 2201; x_wconf 91' lang='lat' dir='ltr'><strong>ibo</strong></span> <span class='ocrx_word' id='word_1_134' title='bbox 1579 2157 1648 2199; x_wconf 90' lang='lat' dir='ltr'><strong>ac</strong></span> <span class='ocrx_word' id='word_1_135' title='bbox 1693 2139 1984 2199; x_wconf 78' lang='lat' dir='ltr'><strong>Phanium</strong></span> <span class='ocrx_word' id='word_1_136' title='bbox 2035 2140 2306 2215; x_wconf 78' lang='lat' dir='ltr'><strong>edocebO,</strong></span> 
     </span>
    </p>

    <p class='ocr_par' dir='ltr' id='par_1_8' title="bbox 422 2225 2761 2571">
     <span class='ocr_line' id='line_1_21' title="bbox 749 2225 2490 2302; baseline 0.002 -18"><span class='ocrx_word' id='word_1_137' title='bbox 749 2225 992 2302; x_wconf 87' lang='lat' dir='ltr'><strong>Nequid</strong></span> <span class='ocrx_word' id='word_1_138' title='bbox 1034 2231 1315 2286; x_wconf 79' lang='lat' dir='ltr'><strong>vereatur</strong></span> <span class='ocrx_word' id='word_1_139' title='bbox 1359 2228 1780 2288; x_wconf 79' lang='lat' dir='ltr'><strong>Phormionem</strong></span> <span class='ocrx_word' id='word_1_140' title='bbox 1827 2231 1934 2287; x_wconf 88' lang='lat' dir='ltr'><strong>aut</strong></span> <span class='ocrx_word' id='word_1_141' title='bbox 1978 2231 2101 2288; x_wconf 81' lang='lat' dir='ltr'><strong>eius</strong></span> <span class='ocrx_word' id='word_1_142' title='bbox 2144 2229 2490 2290; x_wconf 73' lang='lat' dir='ltr'><strong>oraticnem.</strong></span> 
     </span>
     <span class='ocr_line' id='line_1_22' title="bbox 422 2306 2757 2396; baseline -0 -19"><span class='ocrx_word' id='word_1_143' title='bbox 422 2315 732 2377; x_wconf 88' lang='lat' dir='ltr'><strong>Bentleius</strong></span> <span class='ocrx_word' id='word_1_144' title='bbox 780 2306 865 2394; x_wconf 86' lang='lat' dir='ltr'><strong>(V</strong></span> <span class='ocrx_word' id='word_1_145' title='bbox 912 2318 948 2374; x_wconf 82' lang='lat'><strong>2</strong></span> <span class='ocrx_word' id='word_1_146' title='bbox 964 2361 979 2390; x_wconf 99' lang='lat'><strong>,</strong></span> <span class='ocrx_word' id='word_1_147' title='bbox 1029 2312 1138 2396; x_wconf 89' lang='lat'><strong>18)</strong></span> <span class='ocrx_word' id='word_1_148' title='bbox 1193 2318 1438 2393; x_wconf 87' lang='lat' dir='ltr'><strong>propter</strong></span> <span class='ocrx_word' id='word_1_149' title='bbox 1491 2335 1701 2378; x_wconf 83' lang='lat' dir='ltr'><strong>causas</strong></span> <span class='ocrx_word' id='word_1_150' title='bbox 1747 2338 1865 2378; x_wconf 90' lang='lat' dir='ltr'><strong>non</strong></span> <span class='ocrx_word' id='word_1_151' title='bbox 1909 2317 2153 2377; x_wconf 89' lang='lat' dir='ltr'><strong>idoneas</strong></span> <span class='ocrx_word' id='word_1_152' title='bbox 2198 2337 2439 2379; x_wconf 86' lang='lat' dir='ltr'><strong>versum</strong></span> <span class='ocrx_word' id='word_1_153' title='bbox 2484 2318 2757 2392; x_wconf 85' lang='lat' dir='ltr'><strong>mutavit,</strong></span> 
     </span>
     <span class='ocr_line' id='line_1_23' title="bbox 422 2404 2761 2484; baseline -0.001 -17"><span class='ocrx_word' id='word_1_154' title='bbox 422 2405 643 2467; x_wconf 86' lang='lat' dir='ltr'><strong>rectius</strong></span> <span class='ocrx_word' id='word_1_155' title='bbox 687 2404 961 2482; x_wconf 85' lang='lat' dir='ltr'><strong>Bothius,</strong></span> <span class='ocrx_word' id='word_1_156' title='bbox 1007 2423 1261 2480; x_wconf 89' lang='lat' dir='ltr'><strong>quocum</strong></span> <span class='ocrx_word' id='word_1_157' title='bbox 1305 2406 1723 2467; x_wconf 84' lang='lat' dir='ltr'><strong>Fleckeisenus</strong></span> <span class='ocrx_word' id='word_1_158' title='bbox 1770 2410 1833 2467; x_wconf 82' lang='lat' dir='ltr'><strong>et</strong></span> <span class='ocrx_word' id='word_1_159' title='bbox 1866 2406 2148 2476; x_wconf 75' lang='lat' dir='ltr'><strong>Dziatzko</strong></span> <span class='ocrx_word' id='word_1_160' title='bbox 2193 2407 2438 2483; x_wconf 87' lang='lat' dir='ltr'><strong>faciunt,</strong></span> <span class='ocrx_word' id='word_1_161' title='bbox 2483 2427 2591 2484; x_wconf 89' lang='lat' dir='ltr'><strong>pro</strong></span> <span class='ocrx_word' id='word_1_162' title='bbox 2638 2409 2761 2467; x_wconf 78' lang='lat' dir='ltr'><strong>eius</strong></span> 
     </span>
     <span class='ocr_line' id='line_1_24' title="bbox 425 2492 1251 2571; baseline -0.004 -16"><span class='ocrx_word' id='word_1_163' title='bbox 425 2494 735 2571; x_wconf 87' lang='lat' dir='ltr'><strong>scripsisse</strong></span> <span class='ocrx_word' id='word_1_164' title='bbox 782 2492 1022 2553; x_wconf 86' lang='lat' dir='ltr'><strong>videtur</strong></span> <span class='ocrx_word' id='word_1_165' title='bbox 1065 2495 1251 2554; x_wconf 72' lang='lat' dir='ltr'><strong>huius.</strong></span> 
     </span>
    </p>

    <p class='ocr_par' dir='ltr' id='par_1_9' title="bbox 427 2581 2760 3201">
     <span class='ocr_line' id='line_1_25' title="bbox 512 2581 2032 2663; baseline 0.002 -21"><span class='ocrx_word' id='word_1_166' title='bbox 512 2584 724 2644; x_wconf 86' lang='lat' dir='ltr'><strong>Afran.</strong></span> <span class='ocrx_word' id='word_1_167' title='bbox 770 2584 916 2642; x_wconf 83' lang='lat'><strong>204.</strong></span> <span class='ocrx_word' id='word_1_168' title='bbox 1008 2581 1274 2659; x_wconf 85' lang='lat' dir='ltr'><strong>Scaliger</strong></span> <span class='ocrx_word' id='word_1_169' title='bbox 1316 2584 1723 2661; x_wconf 81' lang='lat' dir='ltr'><strong>fragmentum</strong></span> <span class='ocrx_word' id='word_1_170' title='bbox 1769 2584 2032 2663; x_wconf 84' lang='lat' dir='ltr'><strong>scripsit:</strong></span> 
     </span>
     <span class='ocr_line' id='line_1_26' title="bbox 743 2671 1630 2748; baseline 0.002 -18"><span class='ocrx_word' id='word_1_171' title='bbox 743 2672 866 2731; x_wconf 74' lang='lat' dir='ltr'><strong>eius</strong></span> <span class='ocrx_word' id='word_1_172' title='bbox 910 2671 1146 2732; x_wconf 89' lang='lat' dir='ltr'><strong>monilis</strong></span> <span class='ocrx_word' id='word_1_173' title='bbox 1192 2673 1630 2748; x_wconf 78' lang='lat' dir='ltr'><strong>possestricem.</strong></span> 
     </span>
     <span class='ocr_line' id='line_1_27' title="bbox 428 2753 2756 2841; baseline 0 -21"><span class='ocrx_word' id='word_1_174' title='bbox 428 2762 502 2820; x_wconf 94' lang='lat' dir='ltr'><strong>In</strong></span> <span class='ocrx_word' id='word_1_175' title='bbox 545 2760 715 2819; x_wconf 88' lang='lat' dir='ltr'><strong>libris</strong></span> <span class='ocrx_word' id='word_1_176' title='bbox 744 2760 923 2820; x_wconf 86' lang='lat' dir='ltr'><strong>Nonii</strong></span> <span class='ocrx_word' id='word_1_177' title='bbox 952 2753 1128 2840; x_wconf 85' lang='lat'><strong>(150,</strong></span> <span class='ocrx_word' id='word_1_178' title='bbox 1160 2754 1272 2841; x_wconf 80' lang='lat'><strong>27)</strong></span> <span class='ocrx_word' id='word_1_179' title='bbox 1318 2765 1434 2823; x_wconf 76' lang='lat' dir='ltr'><strong>tius</strong></span> <span class='ocrx_word' id='word_1_180' title='bbox 1478 2765 1544 2823; x_wconf 91' lang='lat' dir='ltr'><strong>et</strong></span> <span class='ocrx_word' id='word_1_181' title='bbox 1586 2766 1679 2822; x_wconf 78' lang='lat' dir='ltr'><strong>tus</strong></span> <span class='ocrx_word' id='word_1_182' title='bbox 1722 2762 1962 2840; x_wconf 83' lang='lat' dir='ltr'><strong>legitur,</strong></span> <span class='ocrx_word' id='word_1_183' title='bbox 2008 2782 2127 2839; x_wconf 89' lang='lat' dir='ltr'><strong>qua</strong></span> <span class='ocrx_word' id='word_1_184' title='bbox 2171 2763 2282 2824; x_wconf 89' lang='lat' dir='ltr'><strong>sub</strong></span> <span class='ocrx_word' id='word_1_185' title='bbox 2330 2763 2642 2840; x_wconf 87' lang='lat' dir='ltr'><strong>scriptura,</strong></span> <span class='ocrx_word' id='word_1_186' title='bbox 2685 2765 2756 2821; x_wconf 87' lang='lat' dir='ltr'><strong>ut</strong></span> 
     </span>
     <span class='ocr_line' id='line_1_28' title="bbox 427 2849 2757 2928; baseline 0.001 -19"><span class='ocrx_word' id='word_1_187' title='bbox 427 2851 607 2910; x_wconf 83' lang='lat' dir='ltr'><strong>Mero.</strong></span> <span class='ocrx_word' id='word_1_188' title='bbox 658 2852 783 2909; x_wconf 84' lang='lat'><strong>997</strong></span> <span class='ocrx_word' id='word_1_189' title='bbox 831 2849 972 2908; x_wconf 91' lang='lat' dir='ltr'><strong>libri</strong></span> <span class='ocrx_word' id='word_1_190' title='bbox 1018 2853 1132 2910; x_wconf 80' lang='lat' dir='ltr'><strong>tuis</strong></span> <span class='ocrx_word' id='word_1_191' title='bbox 1173 2870 1282 2927; x_wconf 88' lang='lat' dir='ltr'><strong>pro</strong></span> <span class='ocrx_word' id='word_1_192' title='bbox 1328 2852 1501 2911; x_wconf 59' lang='lat' dir='ltr'><strong>huicce</strong></span> <span class='ocrx_word' id='word_1_193' title='bbox 1537 2851 1844 2928; x_wconf 89' lang='lat' dir='ltr'><strong>praebent,</strong></span> <span class='ocrx_word' id='word_1_194' title='bbox 1893 2852 2072 2912; x_wconf 86' lang='lat' dir='ltr'><strong>etiam</strong></span> <span class='ocrx_word' id='word_1_195' title='bbox 2109 2854 2284 2913; x_wconf 76' lang='lat' dir='ltr'><strong>huius</strong></span> <span class='ocrx_word' id='word_1_196' title='bbox 2317 2854 2506 2912; x_wconf 86' lang='lat' dir='ltr'><strong>latere</strong></span> <span class='ocrx_word' id='word_1_197' title='bbox 2542 2854 2757 2928; x_wconf 85' lang='lat' dir='ltr'><strong>potest.</strong></span> 
     </span>
     <span class='ocr_line' id='line_1_29' title="bbox 517 2929 2760 3022; baseline 0 -23"><span class='ocrx_word' id='word_1_198' title='bbox 517 2938 760 2999; x_wconf 86' lang='lat' dir='ltr'><strong>Caecilii</strong></span> <span class='ocrx_word' id='word_1_199' title='bbox 819 2929 974 3020; x_wconf 84' lang='lat'>(122</span> <span class='ocrx_word' id='word_1_200' title='bbox 1033 2932 1137 3013; x_wconf 78' lang='lat' dir='ltr'><strong>R2‚</strong></span> <span class='ocrx_word' id='word_1_201' title='bbox 1206 2960 1300 3017; x_wconf 89' lang='lat' dir='ltr'><strong>ap.</strong></span> <span class='ocrx_word' id='word_1_202' title='bbox 1355 2941 1599 3002; x_wconf 85' lang='lat' dir='ltr'><strong>Festum</strong></span> <span class='ocrx_word' id='word_1_203' title='bbox 1664 2943 1792 3001; x_wconf 85' lang='lat'><strong>294</strong></span> <span class='ocrx_word' id='word_1_204' title='bbox 1839 2933 1956 3022; x_wconf 88' lang='lat' dir='ltr'><strong>M.)</strong></span> <span class='ocrx_word' id='word_1_205' title='bbox 2011 2940 2416 3019; x_wconf 83' lang='lat' dir='ltr'><strong>fragmentum</strong></span> <span class='ocrx_word' id='word_1_206' title='bbox 2474 2944 2581 3002; x_wconf 87' lang='lat' dir='ltr'><strong>aut</strong></span> <span class='ocrx_word' id='word_1_207' title='bbox 2638 2941 2760 3016; x_wconf 86' lang='lat' dir='ltr'><strong>legi</strong></span> 
     </span>
     <span class='ocr_line' id='line_1_30' title="bbox 429 3031 656 3105; baseline -0.005 -17"><span class='ocrx_word' id='word_1_208' title='bbox 429 3031 656 3105; x_wconf 83' lang='lat' dir='ltr'><strong>potest:</strong></span> 
     </span>
     <span class='ocr_line' id='line_1_31' title="bbox 805 3119 1904 3201; baseline -0.001 -22"><span class='ocrx_word' id='word_1_209' title='bbox 805 3181 885 3201; x_wconf 48' lang='grc' dir='ltr'>Α</span> <span class='ocrx_word' id='word_1_210' title='bbox 1275 3119 1499 3180; x_wconf 76' lang='lat' dir='ltr'><strong>credidi</strong></span> <span class='ocrx_word' id='word_1_211' title='bbox 1545 3119 1904 3179; x_wconf 76' lang='lat' dir='ltr'><strong>silicernium</strong></span> 
     </span>
    </p>

    <p class='ocr_par' dir='ltr' id='par_1_10' title="bbox 746 3207 1525 3269">
     <span class='ocr_line' id='line_1_32' title="bbox 746 3207 1525 3269; baseline 0 -2"><span class='ocrx_word' id='word_1_212' title='bbox 746 3207 906 3269; x_wconf 76' lang='lat' dir='ltr'><strong>Eius</strong></span> <span class='ocrx_word' id='word_1_213' title='bbox 950 3225 1046 3269; x_wconf 87' lang='lat' dir='ltr'><strong>me</strong></span> <span class='ocrx_word' id='word_1_214' title='bbox 1092 3210 1220 3268; x_wconf 74' lang='lat' dir='ltr'><strong>esse</strong></span> <span class='ocrx_word' id='word_1_215' title='bbox 1266 3227 1525 3268; x_wconf 88' lang='lat' dir='ltr'><strong>esurum.</strong></span> 
     </span>
    </p>

    <p class='ocr_par' dir='ltr' id='par_1_11' title="bbox 430 3295 695 3357">
     <span class='ocr_line' id='line_1_33' title="bbox 430 3295 695 3357; baseline 0 0"><span class='ocrx_word' id='word_1_216' title='bbox 430 3300 538 3357; x_wconf 82' lang='lat' dir='ltr'><strong>aut</strong></span> <span class='ocrx_word' id='word_1_217' title='bbox 584 3295 695 3357; x_wconf 76' lang='lat' dir='ltr'><strong>sic:</strong></span> 
     </span>
    </p>
   </div>
   <div class='ocr_carea' id='block_1_7' title="bbox 520 3384 2369 3573">
    <p class='ocr_par' dir='ltr' id='par_1_12' title="bbox 520 3384 2369 3573">
     <span class='ocr_line' id='line_1_34' title="bbox 748 3384 2369 3448; baseline 0.001 -4"><span class='ocrx_word' id='word_1_218' title='bbox 748 3384 989 3445; x_wconf 74' lang='lat' dir='ltr'><strong>Credidi</strong></span> <span class='ocrx_word' id='word_1_219' title='bbox 1035 3386 1397 3446; x_wconf 73' lang='lat' dir='ltr'><strong>silicernium</strong></span> <span class='ocrx_word' id='word_1_220' title='bbox 1443 3387 1569 3448; x_wconf 62' lang='lat' dir='ltr'><strong>dius</strong></span> <span class='ocrx_word' id='word_1_221' title='bbox 1611 3406 1708 3446; x_wconf 86' lang='lat' dir='ltr'><strong>me</strong></span> <span class='ocrx_word' id='word_1_222' title='bbox 1754 3392 1884 3448; x_wconf 78' lang='lat' dir='ltr'><strong>esse</strong></span> <span class='ocrx_word' id='word_1_223' title='bbox 1930 3406 2174 3448; x_wconf 88' lang='lat' dir='ltr'><strong>esurum</strong></span> <span class='ocrx_word' id='word_1_224' title='bbox 2210 3398 2244 3431; x_wconf 65' lang='lat' dir='ltr'><em>L</em></span> <span class='ocrx_word' id='word_1_225' title='bbox 2271 3404 2310 3433; x_wconf 73' lang='grc' dir='ltr'><strong>υ</strong></span> <span class='ocrx_word' id='word_1_226' title='bbox 2334 3423 2369 3432; x_wconf 90' lang='grc'><strong>-</strong></span> 
     </span>
     <span class='ocr_line' id='line_1_35' title="bbox 520 3476 1570 3573; baseline 0.003 -39"><span class='ocrx_word' id='word_1_227' title='bbox 520 3476 707 3562; x_wconf 67' lang='lat' dir='ltr'><strong>Naey.</strong></span> <span class='ocrx_word' id='word_1_228' title='bbox 751 3493 900 3537; x_wconf 92' lang='lat' dir='ltr'><strong>com.</strong></span> <span class='ocrx_word' id='word_1_229' title='bbox 951 3477 1079 3573; x_wconf 51' lang='lat'><strong>192</strong></span> <span class='ocrx_word' id='word_1_230' title='bbox 1120 3478 1329 3536; x_wconf 84' lang='lat' dir='ltr'><strong>notare</strong></span> <span class='ocrx_word' id='word_1_231' title='bbox 1373 3479 1570 3552; x_wconf 88' lang='lat' dir='ltr'><strong>potes:</strong></span> 
     </span>
    </p>
   </div>
   <div class='ocr_carea' id='block_1_8' title="bbox 429 3583 2217 4100">
    <p class='ocr_par' dir='ltr' id='par_1_13' title="bbox 429 3583 2217 4100">
     <span class='ocr_line' id='line_1_36' title="bbox 745 3583 1907 3645; baseline 0.007 -8"><span class='ocrx_word' id='word_1_232' title='bbox 745 3599 784 3626; x_wconf 78' lang='grc' dir='ltr'><strong>υ</strong></span> <span class='ocrx_word' id='word_1_233' title='bbox 809 3594 844 3626; x_wconf 60' lang='grc' dir='ltr'><strong><em>Δ</em></strong></span> <span class='ocrx_word' id='word_1_234' title='bbox 871 3599 908 3626; x_wconf 75' lang='grc' dir='ltr'><strong><em>υ</em></strong></span> <span class='ocrx_word' id='word_1_235' title='bbox 933 3618 969 3627; x_wconf 93' lang='lat'>-</span> <span class='ocrx_word' id='word_1_236' title='bbox 997 3583 1119 3642; x_wconf 67' lang='lat' dir='ltr'><strong>ems</strong></span> <span class='ocrx_word' id='word_1_237' title='bbox 1163 3583 1396 3642; x_wconf 76' lang='lat' dir='ltr'><strong>noctem</strong></span> <span class='ocrx_word' id='word_1_238' title='bbox 1440 3601 1629 3644; x_wconf 90' lang='lat' dir='ltr'><strong>nauco</strong></span> <span class='ocrx_word' id='word_1_239' title='bbox 1676 3584 1907 3645; x_wconf 77' lang='lat' dir='ltr'><strong>ducere.</strong></span> 
     </span>
     <span class='ocr_line' id='line_1_37' title="bbox 429 3674 1859 3824; baseline 0.009 -13"><span class='ocrx_word' id='word_1_240' title='bbox 429 3674 563 3733; x_wconf 47' lang='lat' dir='ltr'><strong>ant·</strong></span> <span class='ocrx_word' id='word_1_241' title='bbox 745 3777 784 3805; x_wconf 83' lang='grc' dir='ltr'><strong>υ</strong></span> <span class='ocrx_word' id='word_1_242' title='bbox 808 3772 844 3804; x_wconf 64' lang='grc' dir='ltr'><strong><em>Δ</em></strong></span> <span class='ocrx_word' id='word_1_243' title='bbox 869 3776 908 3804; x_wconf 75' lang='grc' dir='ltr'><strong><em>υ</em></strong></span> <span class='ocrx_word' id='word_1_244' title='bbox 945 3760 1069 3821; x_wconf 60' lang='lat' dir='ltr'><strong>ems</strong></span> <span class='ocrx_word' id='word_1_245' title='bbox 1112 3762 1347 3824; x_wconf 76' lang='lat' dir='ltr'><strong>noctem</strong></span> <span class='ocrx_word' id='word_1_246' title='bbox 1390 3781 1582 3824; x_wconf 88' lang='lat' dir='ltr'><strong>nauco</strong></span> <span class='ocrx_word' id='word_1_247' title='bbox 1629 3764 1859 3824; x_wconf 78' lang='lat' dir='ltr'><strong>ducere.</strong></span> 
     </span>
     <span class='ocr_line' id='line_1_38' title="bbox 519 3849 903 3911; baseline 0.005 -3"><span class='ocrx_word' id='word_1_248' title='bbox 519 3849 699 3911; x_wconf 83' lang='lat' dir='ltr'><strong>Titin.</strong></span> <span class='ocrx_word' id='word_1_249' title='bbox 751 3851 903 3910; x_wconf 86' lang='lat'><strong>118.</strong></span> <span class='ocrx_word' id='word_1_250' title='bbox 889 3871 903 3885; x_wconf 92' lang='lat'><strong>·</strong></span> 
     </span>
     <span class='ocr_line' id='line_1_39' title="bbox 1451 3941 2217 4020; baseline 0.012 -20"><span class='ocrx_word' id='word_1_251' title='bbox 1451 3941 1606 4001; x_wconf 90' lang='lat' dir='ltr'><strong>itum</strong></span> <span class='ocrx_word' id='word_1_252' title='bbox 1649 3946 1890 4020; x_wconf 81' lang='lat' dir='ltr'><strong>gestum</strong></span> <span class='ocrx_word' id='word_1_253' title='bbox 1933 3941 2217 4003; x_wconf 75' lang='lat' dir='ltr'><strong>amictum</strong></span> 
     </span>
     <span class='ocr_line' id='line_1_40' title="bbox 748 4025 1380 4100; baseline 0.003 -12"><span class='ocrx_word' id='word_1_254' title='bbox 748 4025 866 4100; x_wconf 70' lang='lat' dir='ltr'><strong>Qui</strong></span> <span class='ocrx_word' id='word_1_255' title='bbox 908 4025 1197 4091; x_wconf 84' lang='lat' dir='ltr'><strong>videbant</strong></span> <span class='ocrx_word' id='word_1_256' title='bbox 1242 4029 1380 4090; x_wconf 77' lang='lat' dir='ltr'><strong>eius,</strong></span> 
     </span>
    </p>
   </div>
   <div class='ocr_carea' id='block_1_9' title="bbox 433 4081 2358 4197">
    <p class='ocr_par' dir='ltr' id='par_1_14' title="bbox 433 4081 2358 4197">
     <span class='ocr_line' id='line_1_41' title="bbox 433 4081 2358 4197; baseline -0.003 -13"><span class='ocrx_word' id='word_1_257' title='bbox 433 4123 557 4184; x_wconf 77' lang='lat' dir='ltr'><strong>eius</strong></span> <span class='ocrx_word' id='word_1_258' title='bbox 598 4122 727 4181; x_wconf 84' lang='lat' dir='ltr'><strong>tam</strong></span> <span class='ocrx_word' id='word_1_259' title='bbox 769 4097 1247 4197; x_wconf 86' lang='lat' dir='ltr'><strong>monosyllabum</strong></span> <span class='ocrx_word' id='word_1_260' title='bbox 1291 4138 1469 4196; x_wconf 89' lang='lat' dir='ltr'><strong>quam</strong></span> <span class='ocrx_word' id='word_1_261' title='bbox 1517 4081 1882 4197; x_wconf 84' lang='lat' dir='ltr'><strong>disyllabum</strong></span> <span class='ocrx_word' id='word_1_262' title='bbox 1927 4139 2059 4181; x_wconf 89' lang='lat' dir='ltr'><strong>esse</strong></span> <span class='ocrx_word' id='word_1_263' title='bbox 2102 4122 2358 4197; x_wconf 52' lang='lat' dir='ltr'><strong>potest·</strong></span> 
     </span>
    </p>
   </div>
   <div class='ocr_carea' id='block_1_10' title="bbox 520 4227 928 4393">
    <p class='ocr_par' dir='ltr' id='par_1_15' title="bbox 520 4227 907 4393">
     <span class='ocr_line' id='line_1_42' title="bbox 607 4227 823 4292; baseline 0 -5"><span class='ocrx_word' id='word_1_264' title='bbox 607 4227 823 4292; x_wconf 66' lang='lat' dir='ltr'><strong>Huiua</strong></span> 
     </span>
     <span class='ocr_line' id='line_1_43' title="bbox 520 4317 928 4393; baseline 0.005 -18"><span class='ocrx_word' id='word_1_265' title='bbox 520 4317 734 4393; x_wconf 88' lang='lat' dir='ltr'><strong>Amph.</strong></span> <span class='ocrx_word' id='word_1_266' title='bbox 782 4318 928 4377; x_wconf 85' lang='lat'><strong>486.</strong></span> 
     </span>
    </p>
   </div>
   <div class='ocr_carea' id='block_1_11' title="bbox 746 4384 2042 4485">
    <p class='ocr_par' dir='ltr' id='par_1_16' title="bbox 746 4384 2042 4485">
     <span class='ocr_line' id='line_1_44' title="bbox 746 4384 2042 4485; baseline 0.002 -19"><span class='ocrx_word' id='word_1_267' title='bbox 746 4405 865 4466; x_wconf 83' lang='lat' dir='ltr'><strong>Sed</strong></span> <span class='ocrx_word' id='word_1_268' title='bbox 909 4384 1278 4468; x_wconf 66' lang='lat' dir='ltr'><strong>Alcumenae</strong></span> <span class='ocrx_word' id='word_1_269' title='bbox 1323 4405 1498 4467; x_wconf 70' lang='lat' dir='ltr'><strong>huius</strong></span> <span class='ocrx_word' id='word_1_270' title='bbox 1543 4403 1783 4468; x_wconf 83' lang='lat' dir='ltr'><strong>honoris</strong></span> <span class='ocrx_word' id='word_1_271' title='bbox 1828 4408 2042 4485; x_wconf 78' lang='lat' dir='ltr'><strong>gratia.</strong></span> 
     </span>
    </p>
   </div>
   <div class='ocr_carea' id='block_1_12' title="bbox 2934 0 3009 1710">
    <p class='ocr_par' dir='ltr' id='par_1_17' title="bbox 2934 0 3009 1710">
     <span class='ocr_line' id='line_1_45' title="bbox 2934 0 3009 1710; baseline 0 0"><span class='ocrx_word' id='word_1_272' title='bbox 2934 0 3009 1710; x_wconf 95' lang='lat' dir='ltr'><strong> </strong></span> 
     </span>
    </p>
   </div>
  </div>
 </body>
</html>
