3009 4767
1233 269 1670 335 ...19-

347 433 447 572 ·3)
491 441 961 599 Mssbgagezhaee
1005 527 1275 589 eelox‘3.
1260 549 1274 562 ·
1313 548 1328 585 t
1375 524 1681 585 Ancillula
1722 525 1886 586 illius
1927 526 2035 602 661,
2081 542 2236 601 quae
2279 523 2417 584 hine
2460 543 2626 603 egre-

289 708 387 768 Sie
424 707 781 768 Ritschelius
815 707 890 798 in
934 705 1025 766 ed.
1071 725 1204 765 cum
1250 705 1443 782 libris,
1485 704 1604 764 nisi
1639 703 1799 780 quod
1833 702 1885 761 B
1923 614 2181 763 61ῗέ1111111
2190 613 2373 777 *nm
2399 703 2628 764 omittit

289 800 352 857 et
405 800 549 872 focis
599 779 825 870 habet,
867 795 1124 871 scripsit.
1215 794 1333 855 Sed
1376 795 1518 871 post
1563 812 1635 853 ea
1678 812 1830 869 quae
1877 812 1971 869 op.
2015 792 2078 851 II
2125 793 2252 852 685
2293 811 2340 853 s.
2386 793 2520 853 adn.
2568 796 2625 855 2.

166 875 175 880 ’
290 886 460 961 dixit,
515 886 653 946 huic
708 885 912 947 versui
963 877 1111 946 fides
1169 883 1489 944 tribuenda
1531 901 1649 943 non
1696 883 1810 945 est.
1896 881 2099 942 Etiam
2142 880 2490 942 Erimus-in
2534 883 2625 944 ed.

175 983 179 987 '
289 993 530 1035 versum
576 975 842 1037 damnat.

370 1056 443 1145 4)
489 1064 730 1214 11111ιῶῃὸ
740 1066 866 1214 {Za-S
908 1153 1111 1213 fruare
1157 1153 1498 1232 06mm0dissv
1545 1152 1764 1229 quibus
1811 1152 1881 1210 tu
1925 1151 2094 1210 illum
2143 1150 2383 1212 dicebas
2429 1152 2621 1214 modo.

281 1260 401 1319 illis
446 1257 633 1337 ODG,
684 1260 847 1320 illius
887 1259 1046 1318 BEP
1091 1259 1358 1338 ILLIUS
1404 1259 1478 1335 A,
1525 1253 1645 1319 ‘U’
1691 1260 1849 1320 teste
1895 1257 2367 1333 Umpfenbaehio
2417 1277 2455 1319 a
2498 1278 2621 1321 cor·

282 1352 515 1409 rectore
556 1349 887 1424 recentiore
932 1348 1240 1409 inductum
1287 1353 1396 1412 est.
1478 1348 1903 1409 Fleckeisenus
1948 1348 2110 1407 illius
2152 1347 2417 1423 scripsit:
2466 1350 2623 1426 quod

201 1433 209 1446 ⁶
283 1437 336 1497 si
380 1438 684 1514 recipitur,
731 1440 977 1515 propter
1022 1440 1204 1499 verba
1249 1438 1678 1515 subsequentia
1723 1437 1930 1496 eadem
1966 1453 2064 1497 res
2101 1437 2310 1497 eodem
2344 1437 2409 1497 in
2443 1457 2624 1500 versu

278 1526 373 1588 bis
420 1526 657 1588 dicitur.
749 1526 947 1598 Quare
991 1527 1294 1588 ablativus
1339 1527 1594 1604 pluralis
1638 1528 1924 1603 praestat.

369 1610 439 1698 5)
487 1617 715 1693 Turpfl.
766 1619 890 1677 155
921 1636 968 1677 s.

600 1741 944 1802 Meminisse
986 1742 1148 1802 illius
1191 1742 1465 1804 formam.

283 1829 379 1889 Sic
431 1829 795 1891 Ribbeckius
849 1827 1254 1908 fragmentum
1312 1830 1642 1908 discripsit3
1703 1832 1956 1907 possunt
2009 1828 2192 1889 etiam
2246 1848 2355 1907 pro
2409 1831 2621 1893 frustis

283 1919 653 1979 senariorum
718 1939 855 1982 cum
908 1918 1240 1981 Grautoffio
1303 1921 1592 1997 reliquiae
1652 1919 2129 1996 septenariorum
2185 1921 2624 1982 trochaieorum

284 2009 495 2069 6161111.
1877 2009 1997 2068 iam
2044 2009 2249 2069 desine

598 2098 944 2159 Meminisse
987 2077 1149 2159 illius
1192 2097 1447 2158 formam

287 2184 458 2256 Quod
504 2187 559 2248 si
602 2188 700 2246 6111
743 2187 935 2264 magis
981 2188 1197 2265 placet,
1241 2186 1458 2265 11116116)
1503 2188 1707 2264 legere
1752 2185 1951 2249 debet.

372 2270 440 2356 6)
482 2276 711 2336 Versus
758 2276 925 2337 Asin.
979 2278 1090 2339 77:

210 2437 217 2444 ‚
601 2364 756 2426 Volo
803 2366 993 2426 amori
1038 2367 1389 2426 obsecutum
1432 2367 1610 2442 1111113,
1654 2365 1789 2426 volo
1837 2368 1999 2425 amet
2043 2383 2139 2424 me
2182 2367 2435 2442 patrem,

279 2472 397 2513 non
451 2454 648 2515 solum
701 2474 740 2515 a
794 2474 1065 2515 sermone
1109 2454 1327 2516 Latino
1380 2456 1588 2532 procul
1634 2455 1832 2530 abest,
1892 2454 1997 2514 sed
2043 2455 2228 2515 etiam
2271 2474 2418 2532 quos
2463 2454 2644 2516 inter'

277 2560 490 2603 versus
544 2544 742 2606 locum
786 2544 995 2620 habet,
1051 2545 1228 2621 plane
1276 2547 1369 2604 est
1414 2544 1673 2620 ineptus.
1761 2544 1817 2603 A
1862 2544 2250 2605 Fleckeiseno
2296 2544 2619 2606 Ritschelio

279 2633 688 2693 consentiente
733 2626 855 2714 (op.
900 2633 962 2692 II
1011 2626 1168 2715 689)
1215 2633 1439 2695 eiectus
1483 2637 1598 2697 est.

373 2717 441 2803 7)
488 2722 714 2782 Versus
761 2723 941 2783 Mero.
990 2724 1115 2784 276
1162 2723 1228 2783 in
1272 2722 1567 2784 Palatinis
1614 2725 1734 2784 est:

596 2810 801 2889 Atque
843 2812 1005 2877 imas
1049 2812 1198 2874 haec
1240 2831 1398 2873 nunc
1443 2812 1654 2874 simiae
1697 2812 1890 2888 partis
1936 2812 2112 2874 ferat.

282 2897 340 2958 A
383 2898 591 2961 habet:
884 2905 888 2911 “

601 3033 615 3047 .
661 3033 677 3049 .
722 2992 924 3059 metuo
969 3008 1045 3050 ne
1089 2989 1264 3049 illaec
1311 2989 1518 3049 simiae
1561 2989 1756 3066 partis
1802 2990 1977 3053 ferat.

277 3076 643 3140 Ritschelius
701 3099 792 3155 op.
838 3078 901 3138 II
950 3081 1077 3138 702
1107 3097 1184 3139 ss.
1238 3072 1559 3154 utrumque
1611 3098 1854 3142 versum
1899 3081 2160 3140 damnat.
2250 3077 2446 3149 Quam
2490 3099 2616 3139 mu-

277 3165 570 3227 tationem
631 3187 842 3229 versus
896 3187 1075 3245 quem
1128 3166 1393 3227 Palatini
1445 3168 1732 3229 exhibent
1783 3169 2143 3230 Ritschelius
2196 3169 2331 3229 1.1.
2384 3190 2441 3246 p.
2492 3171 2617 3230 705

278 3255 414 3314 adn.
472 3257 782 3317 excludere
826 3257 1125 3317 voluerat.
1185 3262 1354 3331 atque
1395 3258 1557 3318 illius
1600 3258 1709 3318 hic
1748 3271 1904 3319 nume
1952 3276 1999 3319 s,
2037 3277 2103 3333 p.
2153 3260 2225 3333 fi,
2285 3276 2419 3317 eam
2462 3276 2617 3318 nunc

1448 1652 1569 1712 iam
1614 1652 1817 1712 desine

1719 1747 1747 1772 «Ο

276 3344 673 3423 Niemeyerus
729 3346 802 3406 de
849 3345 1053 3406 Plauti
1098 3346 1285 3408 fabul.
1329 3347 1491 3423 dupl.
1537 3365 1653 3408 rec.
1698 3366 1755 3423 p.
1801 3348 1885 3409 43
1916 3366 1963 3408 s.
2009 3347 2294 3408 reducere
2341 3350 2617 3409 conatur.

275 3433 424 3494 mihi
452 3452 587 3502 ¹non
631 3435 947 3512 persuasit.

458 3628 676 3692 Omnes
748 3632 940 3693 locos
982 3632 1125 3708 qui
1149 3633 1495 3735 genetivum
1552 3634 1712 3693 illius
1769 3633 2051 3694 exhibent
2120 3633 2615 3695 enumeravimus.

280 3718 409 3777 Iam
474 3739 622 3795 quas
676 3721 941 3781 rationes
995 3721 1059 3780 in
1110 3722 1294 3782 variis
1349 3722 1559 3782 formis
1613 3722 1963 3782 adhibendis
2020 3741 2167 3783 usus
2223 3725 2464 3784 secutus
2520 3722 2614 3797 sit,

281 3808 554 3888 exempla
598 3809 883 3886 cuiusque
927 3811 1156 3870 formae
1200 3811 1573 3871 conferentes
1620 3810 2021 3887 expediamus.

452 3883 639 3959 Πῖωε
700 3898 1072 3975 paenultima
1134 3900 1425 3976 producta
1485 3902 1926 3978 paroxytonum
1981 3903 2148 3961 extat
2198 3899 2344 3961 locis
2392 3903 2473 3962 33
2532 3894 2614 3980 (v.

282 4005 465 4062 supra
508 4006 566 4062 p.
613 3989 653 4046 4
683 3980 809 4069 ss..)

594 4076 800 4136 Plauti
844 4080 986 4137 sunt
1023 4123 1037 4139 .
1127 4121 1142 4136 .
1234 4080 1339 4139 27.

600 4165 866 4226 Terentii
918 4211 934 4228 .
1024 4214 1038 4227 .
1130 4211 1145 4227 .
1281 4169 1320 4228 3

594 4254 831 4314 Afranii
920 4300 934 4315 .
1024 4300 1041 4316 .
1283 4257 1320 4315 3

598 4343 878 4404 Fortasse
923 4299 1151 4404 accedit
1287 4349 1320 4405 1
1195 4339 1572 4440 ——OEapt
1618 4347 1766 4423 prol.
1814 4348 1917 4423 39,
1961 4366 2019 4408 v.
2064 4363 2202 4423 pag.
2254 4337 2382 4425 18.)

801 4449 1047 4509 Summa
1093 4452 1187 4510 est
1233 4454 1317 4512 34

2093 4539 2104 4560 1
2112 4556 2146 4605 2
2157 4550 2188 4584 ,3
