3009 4767
1311 237 1569 332 „⁴35
1666 301 1739 313 ....

359 437 627 493 secutum
682 433 821 494 olim
877 452 1008 493 esse
1064 431 1178 492 sibi
1231 433 1549 493 videbatur
1602 432 1916 494 detexisse.
2008 432 2173 503 Quae
2228 451 2362 493 cum
2416 434 2505 493 ita
2551 434 2691 508 sint,

357 526 590 596 quoium
628 523 784 600 quod
811 522 973 582 Trin.
1003 524 1134 583 534
1152 522 1223 594 B,
1270 520 1525 581 CUIUM
1562 523 1718 598 quod
1757 522 1964 582 eodem
1998 522 2128 582 loco
2157 523 2212 580 A
2241 523 2440 596 habet,
2478 524 2690 583 deinde

357 614 549 671 ouium
594 610 873 684 Charisii,
931 614 1130 685 quium
1175 610 1367 671 Servii
1412 612 1612 670 omnia
1652 612 1812 671 idem
1858 611 2171 688 genetivus
2218 612 2468 687 pluralis
2532 617 2689 673 sunt.

361 699 446 760 Ut
481 705 683 760 autem
720 704 952 776 quoium
978 700 1140 759 Trin.
1165 702 1290 759 534
1329 700 1643 775 genetivus
1677 700 1929 775 pluralis
1976 703 2085 775 est,
2131 700 2215 760 sic
2261 701 2444 760 etiam
2476 704 2692 773 quoius

355 810 410 850 v.
450 792 576 851 533
626 793 688 849 et
732 792 860 850 536
909 789 1257 866 genetivum
1303 789 1621 865 singularis
1665 789 1906 848 relativi
1951 807 2081 849 esse
2128 788 2421 849 existimo.

539 878 776 938 Pariter
797 877 1163 956 'genetivum
1206 878 1402 938 inesse
1447 877 1739 938 contendo
1782 878 2082 939 versibus:

445 967 665 1045 Amph.
712 969 858 1030 861.

673 1057 801 1132 Ego
850 1076 982 1115 sum
1027 1058 1129 1116 ille
1176 1055 1554 1133 Amphitruo,
1601 1058 1806 1130 quoius
1850 1058 1944 1116 est
1987 1075 2190 1116 servos
2237 1055 2428 1118 Sosia.

357 1144 700 1222 Genetivus,
746 1164 881 1205 cum
924 1148 1083 1205 teste
1110 1145 1300 1204 Pareo
1344 1146 1409 1204 in
1433 1144 1656 1205 Vetere
1702 1147 1796 1204 cui
1840 1149 1924 1204 est
1967 1151 2147 1220 extet,
2191 1146 2389 1221 aptior
2433 1147 2687 1220 videtur,

358 1235 464 1295 cfr.
509 1255 567 1296 v.
597 1237 743 1295 394.
790 1237 946 1309 4033
991 1234 1207 1310 reliqui
1251 1234 1427 1304 Parei
1471 1234 1732 1293 Palatini
1778 1237 1944 1294 cuius
1988 1240 2085 1294 est.

447 1322 579 1383 Cas.
623 1323 717 1382 ΠΙ
767 1326 822 1398 6,
876 1326 973 1384 12.

675 1411 819 1482 Quis
866 1412 1046 1472 erus?
1087 1434 1101 1471 z
1140 1435 1154 1472 t
1204 1412 1421 1488 Quoius
1464 1415 1535 1471 tu
1581 1423 1786 1472 servos
1834 1431 1917 1473 es.

356 1501 467 1560 His
502 1501 736 1561 duobus
771 1502 934 1576 locis,
971 1521 1105 1562 cum
1131 1502 1196 1560 in
1223 1501 1507 1577 exemplis
1545 1520 1727 1577 supra
1762 1501 2123 1561 enumeratis
2150 1502 2489 1577 possessivo
2515 1506 2685 1578 quoia

353 1609 544 1665 neque
589 1593 806 1650 ancilla
849 1610 1041 1667 neque
1088 1591 1280 1651 simile
1326 1589 1552 1667 aliquid
1589 1621 1672 1631 --
1712 1592 1947 1649 tibicina
1984 1591 2140 1651 enim
2175 1591 2298 1650 tale
2332 1610 2451 1652 non
2488 1596 2582 1652 est
2605 1625 2679 1635 —

355 1679 635 1753 addatur,
690 1698 885 1739 servos
928 1680 1203 1740 adicitur.
1290 1678 1484 1749 Quare
1541 1698 1671 1738 cum
1717 1678 1848 1738 -illis
1893 1679 2039 1739 locis
2085 1698 2409 1755 pronomen
2453 1700 2684 1757 posses-

356 1768 551 1828 sivum
604 1768 799 1829 solum
853 1771 1136 1845 ponatur,
1191 1769 1284 1827 his
1330 1768 1588 1841 duobuS,
1645 1769 1751 1829 ubi
1802 1767 1965 1828 notio
2020 1769 2286 1843 additur,
2346 1788 2500 1845 quae
2553 1771 2686 1847 ipsa

355 1858 674 1931 hominem,
731 1859 805 1917 de
851 1877 968 1933 quo
1014 1857 1242 1935 agitur,
1289 1856 1513 1917 domini
1556 1857 1809 1917 alicuius
1856 1875 1987 1917 esse
2032 1858 2326 1933 declarat,
2368 1860 2684 1934 genetivus

356 1966 388 2005 e
434 1946 811 2008 substantivo
856 1964 1050 2007 servos
1091 1946 1356 2023 pendens
1403 1945 1676 2006 sufficere
1720 1945 1976 2006 videtur.

527 2037 656 2096 Iam
701 2039 777 2094 ad
815 2055 886 2096 ea
921 2036 1206 2113 exempla,
1252 2054 1404 2111 quae
1449 2037 1653 2109 quoius
1698 2053 1737 2094 a
1779 2053 1882 2094 um
1926 2035 2002 2093 ad
2046 2054 2143 2094 res
2188 2035 2480 2096 inanimas
2526 2037 2678 2096 rela-

244 2180 249 2186 .
352 2128 482 2183 tum
529 2122 827 2198 exhibent,
871 2128 1266 2185 transeamus.
1346 2122 1436 2182 Ac
1479 2124 1741 2200 primum
1785 2124 2025 2201 quidem
2070 2144 2276 2185 eorum
2320 2125 2384 2183 in
2427 2144 2676 2185 numero

352 2214 440 2272 nil
483 2219 610 2274 tam
655 2217 999 2274 constanter
1042 2232 1223 2291 quam
1268 2216 1440 2287 quoia
1485 2232 1620 2272 cum
1665 2232 1773 2272 vox
1817 2213 2196 2273 coniunctum
2223 2215 2500 2276 occurrit.
2564 2216 2678 2273 Ex-

355 2305 552 2380 empla
596 2304 743 2363 haec
788 2305 952 2363 sunt:

447 2386 513 2473 1)
558 2392 771 2453 Bacch.
820 2395 965 2453 979.

672 2481 997 2557 Quoiamam
1039 2500 1155 2543 vox
1198 2500 1385 2559 prope
1429 2485 1526 2541 me
1574 2480 1786 2542 sonat?

445 2564 512 2651 2)
561 2568 728 2631 Cure.
780 2573 922 2630 111.

673 2659 859 2736 Quoia
902 2678 1018 2720 vox
1064 2663 1236 2720 sonat
1277 2637 1529 2736 procul?

442 2741 513 2828 3)
559 2747 730 2809 Ourc.
780 2751 926 2810 229.

671 2838 917 2914 Quoiam
960 2856 1166 2900 vocem
1211 2856 1325 2915 ego
1370 2837 1592 2898 audio?

443 2920 514 3031 4)
559 2927 740 2987 Mero.
787 2929 934 2988 864.

544 3047 559 3069 ι
669 3016 885 3076 Nescio
930 3018 1102 3090 quoia
1145 3019 1264 3076 vox
1307 3016 1385 3075 ad
1427 3017 1593 3076 auris
1638 3015 1720 3075 mi
1767 3016 2086 3078 advolavit.

441 3098 512 3187 5)
557 3105 773 3167 Pseud.
821 3108 968 3167 702.

672 3195 857 3271 Quoia
903 3191 1052 3271 [hic]
1096 3212 1211 3255 vox
1255 3194 1470 3255 sonat?

442 3277 512 3366 6)
557 3284 710 3347 aad.
758 3286 904 3345 229.

671 3373 856 3448 Quoia
899 3391 1083 3450 prope
1128 3393 1223 3433 me
1267 3372 1365 3435 hic
1408 3374 1522 3434 vox
1570 3371 1785 3433 sonat?

445 3454 512 3543 7)
560 3462 711 3523 Rud.
758 3464 904 3523 332.
1737 3461 1923 3537 Quoia
1967 3462 2044 3522 ad
2090 3462 2253 3522 auris

669 3551 800 3612 Vox
845 3552 927 3614 mi
974 3547 1318 3613 advolavit?

443 3633 513 3722 8)
560 3640 724 3700 Trin.
771 3642 874 3700 45.

1092 3729 1278 3805 Quoia
1320 3730 1416 3790 hic
1461 3749 1575 3791 vox
1619 3748 1805 3806 prope
1850 3733 1945 3788 me
1992 3729 2210 3790 sonat?

354 3818 448 3878 Ad
482 3820 614 3990 >alig
655 3819 1037 3968 (siubstantiva
1080 3821 1487 3896 possessivum
1524 3821 1728 3893 quoius
1762 3837 1803 3878 a
1836 3837 1939 3878 um
1983 3819 2146 3880 hisce
2193 3819 2337 3877 locis
2384 3819 2675 3894 pertinet:

443 3912 479 3969 9
614 3929 652 3968 u
696 3953 709 3967 .
758 3911 904 3969 478.

667 3997 824 4057 Nam
868 3999 1013 4059 haec
1055 3998 1413 4072 litteratast3
1459 4000 1638 4073 eapse
1683 3998 1888 4056 cantat
1933 4000 2109 4071 quoia
2155 3997 2250 4058 sit.

353 4087 476 4147 scil.
524 4104 697 4146 sacra
740 4086 992 4146 Veneris
1030 4101 1190 4146 urna
1234 4108 1290 4150 v.
1337 4088 1485 4148 473.

400 4169 509 4256 10)
557 4176 738 4236 Stich.
790 4177 936 4236 370

665 4241 844 4323 Alius
890 4265 1073 4324 alium
1118 4269 1566 4342 percontamur:
1612 4264 1837 4338 qwdiast
1878 4266 2075 4343 naviS,
2121 4264 2265 4341 'quid
2309 4264 2521 4324 vehit?

398 4345 509 4434 11)
559 4353 739 4413 Haut.
783 4355 933 4431 prol.
981 4357 1037 4416 8.
1782 4374 1939 4414 nunc
1985 4357 2088 4432 qui
2134 4353 2441 4429 scripserit

664 4442 746 4501 Et
789 4444 961 4517 quoia
1008 4443 1237 4504 Graeca
1282 4444 1363 4504 sit
1408 4437 1564 4525 (scil.
1610 4437 1860 4525 fabula).
2521 4477 2549 4509 ι

2183 4539 2257 4597 3*
