3009 4767
1334 253 1769 322 -30,

389 423 582 483 cuim
638 420 815 483 certis
873 422 1159 499 exemplis
1216 423 1376 484 haud
1430 424 1584 484 raris
1638 423 1952 503 probetur,
2017 423 2091 483 de
2145 423 2339 484 forma
2395 424 2728 485 masculina

395 530 514 571 non
569 531 758 589 aeque
815 512 1067 589 simplex
1124 511 1396 590 quaestio
1440 511 1555 574 est.
1646 513 1806 573 Nam
1851 514 2168 590 genetivus
2214 514 2580 589 pronominis
2626 534 2729 591 pa-

318 595 337 608 ”“
384 601 534 660 riter
579 620 667 674 ac,
693 602 1087 680 masculinum
1131 601 1456 678 possessivi
1500 605 1667 664 ouius
1694 602 1953 678 (quoius)
1992 606 2101 666 est.
2166 602 2480 675 Sententia
2524 608 2730 666 autem

384 690 649 750 locorum
705 691 994 766 ipsorum,
1062 687 1279 767 quibus
1336 692 1531 752 forma
1576 694 1740 752 cuius
1784 692 2110 767 invenitur,
2179 692 2231 751 si
2276 693 2407 769 quis
2457 694 2730 769 exempla

384 780 602 856 quibus
650 783 783 839 cuia
829 773 936 839 aut
973 782 1165 839 cuium
1203 784 1298 840 est
1334 779 1594 839 secutus
1612 783 1817 840 utrum
1855 782 2260 858 possessivum
2298 800 2374 840 an
2412 783 2727 858 genetivus

385 869 468 927 sit
511 868 729 932 indicio
776 869 864 928 uti
912 869 1081 945 velit,
1124 868 1178 928 is
1223 873 1294 928 ut
1339 870 1664 946 quidquam
1710 870 1981 970 proficiat
2026 871 2200 938 valde
2246 890 2473 931 vereor.
2567 871 2729 930 Nam

384 957 487 1034 qui
531 976 770 1032 versus,
816 958 919 1035 qui
962 959 1026 1018 in
1070 958 1243 1018 libris
1291 963 1433 1018 sunt
1475 960 1659 1020 tales:

471 1047 624 1108 Rud.
673 1048 819 1107 745.

698 1112 1042 1214 Argentum
1081 1156 1192 1215 ego
1229 1157 1337 1214 pro
1374 1137 1578 1199 istisce
1606 1137 1896 1200 ambabus
1927 1132 2082 1219 (scil.
2109 1130 2492 1220 mulieribus)
2521 1142 2728 1214 quoiae

1986 1232 2158 1288 erant
2202 1228 2442 1288 domino
2490 1228 2644 1290 dedi.

384 1317 446 1375 et
491 1314 677 1378 Stich.
724 1315 872 1376 545.
2319 1369 2325 1375 .

387 1453 391 1458 ,
700 1404 932 1464 Deinde
979 1423 1159 1484 senex
1201 1404 1306 1477 ille
1348 1405 1443 1466 ,illi
1487 1404 1665 1480 dixit,
1711 1407 1918 1479 quoius
1963 1409 2095 1470 erat
2138 1406 2403 1480 tibicina.

380 1494 480 1555 vel
525 1493 741 1570 Bacch.
790 1495 936 1554 948.
2531 1547 2548 1564 x-

697 1583 759 1643 Is
788 1584 1082 1646 Helenam
1109 1582 1388 1660 abduxit,
1434 1585 1609 1658 quoia
1645 1602 1828 1646 causa
1861 1586 2018 1644 1111110
2056 1584 2207 1646 facio
2245 1584 2545 1645 obsidium
2586 1564 2722 1647 ilio.

381 1674 444 1732 et
490 1670 661 1749 Capt.
714 1674 903 1733 1009.
1258 1736 1262 1740 ⁴
1311 1742 1324 1760 ,

701 1760 877 1823 Salve
906 1762 1186 1838 Tyndare
1215 1783 1265 1821 z:
1292 1761 1373 1821 Et
1407 1765 1494 1836 tu,
1533 1766 1736 1837 quoius
1772 1765 1954 1823 001180
1978 1762 2131 1824 hanc
2155 1780 2504 1830 aerumnam
2532 1764 2722 1841 exigo.

382 1851 835 1926 examinaverit,
893 1850 1205 1911 subtiliore
1263 1854 1422 1910 certe
1477 1852 1859 1912 distinctione
1916 1870 2065 1928 opus
2122 1871 2254 1912 esse
2300 1853 2606 1926 concedet,
2653 1857 2724 1930 ut

382 1940 525 2016 quid
579 1940 737 2019 inter
788 1941 949 2000 hunc
1004 1943 1066 2000 et
1120 1940 1294 2006 illum
1338 1939 1621 2017 loquendi
1665 1961 1841 2001 11811111
1886 1941 2129 2001 intersit
2173 1941 2511 2018 indagetur.
2603 1941 2721 2002 Sed

380 2030 477 2106 fac
521 2033 701 2092 tenue
745 2029 897 2089 illud
943 2030 1274 2088 sententiae
1321 2029 1640 2089 discrimen
1682 2062 1757 2071 -
1808 2033 1988 2107 atque
2034 2033 2126 2090 est
2172 2031 2492 2091 discrimen
2536 2031 2720 2108 quod-

381 2119 520 2178 dam
572 2151 646 2160 --
699 2119 1072 2195 exploratum
1119 2118 1224 2178 sit:
1290 2117 1491 2195 ecquis
1550 2119 1693 2195 erit,
1759 2119 1865 2196 qui
1908 2114 2045 2178 cum
2088 2118 2151 2177 in
2198 2120 2513 2196 exemplis,
2570 2139 2721 2196 quae

378 2206 733 2267 femininum
778 2210 952 2282 quoia
996 2208 1094 2269 vel
1130 2210 1411 2267 neutrum
1446 2211 1681 2282 quoium
1716 2208 2055 2285 ostendunt,
2093 2228 2210 2284 quo
2246 2208 2309 2268 id
2346 2228 2524 2269 sensu
2563 2210 2721 2269 dixe-

379 2296 504 2356 rint
547 2300 762 2374 poetae
807 2296 1182 2373 perspexisse
1229 2296 1346 2355 sibi
1389 2297 1574 2372 visus*
1605 2298 1713 2375 sit,
1757 2299 1899 2364 ,0010
1953 2298 2287 2358 sententiae
2342 2298 2573 2358 ratione
2619 2299 2722 2358 ad-

314 2421 319 2430 ·
378 2386 573 2446 hibita
628 2386 728 2450 ad·
759 2386 1153 2448 masculinum
1201 2387 1404 2460 quoius
1446 2405 1805 2464 progressus
1861 2386 2113 2462 singulis
2168 2387 2314 2447 locis
2360 2389 2571 2463 poetas
2615 2391 2724 2450 aut

377 2475 657 2551 genetivo
703 2478 812 2536 aut
854 2474 1193 2552 possessivo
1240 2475 1522 2535 debuisse
1565 2475 1658 2534 uti
1705 2476 2061 2536 contendere
2106 2475 2365 2536 audeat?

556 2564 721 2642 Quae
776 2582 909 2623 cum
965 2564 1055 2623 ita
1110 2563 1258 2637 sint,
1313 2564 1510 2626 alium,
1554 2564 1784 2624 aditum
1839 2584 1955 2641 quo
2004 2564 2080 2624 ad
2124 2564 2304 2624 finem
2348 2565 2721 2641 propositum

377 2653 816 2730 perveniamus
852 2653 1193 2730 patefacere
1246 2652 1421 2712 nobis
1477 2672 1626 2729 opus
1675 2656 1785 2714 est.
1875 2653 2032 2712 Nam
2079 2672 2232 2729 quae
2277 2654 2393 2716 viri
2438 2654 2600 2715 docti
2643 2656 2720 2715 ad

376 2742 528 2803 hanc
587 2762 716 2802 rem
773 2742 1198 2818 expediendam
1253 2742 1619 2817 attulerunt,
1673 2742 1832 2802 inter
1886 2760 2035 2818 quos
2086 2742 2361 2820 inprimis
2416 2740 2716 2821 Bergkius'

377 2831 628 2909 symbol.
682 2831 757 2892 ad
811 2850 901 2909 gr.
947 2831 1082 2891 Lat.
1126 2831 1156 2889 I
1200 2850 1258 2907 p.
1305 2832 1388 2891 58
1420 2850 1499 2891 ss,
1545 2830 1950 2892 ‚nominandus
2006 2833 2121 2907 est,
2181 2850 2251 2892 ea
2307 2833 2717 2909 quaestionem

378 2939 496 2981 non
541 2921 947 2983 absolverunt.
1106 2921 1109 2926 ’
1797 2978 1802 2984 ,

552 3009 668 3072 Η10
714 3010 985 3086 quaestio
1031 3009 1248 3085 oritur,
1293 3009 1572 3086 Romani,
1630 3029 1765 3070 cum
1808 3009 2125 3086 genetivus
2167 3012 2336 3084 ouius
2381 3012 2445 3069 et
2488 3029 2719 3086 posses-

378 3100 573 3159 sivum
619 3102 784 3160 cuz‘us
826 3093 1006 3175 plane
1052 3099 1304 3160 eandem
1347 3099 1602 3162 formam
1648 3100 1909 3160 habeant
1955 3102 2017 3157 et
2060 3098 2123 3157 in
2168 3099 2377 3158 eadem
2424 3099 2719 3176 significa-

375 3189 538 3247 tione
582 3191 917 3270 versentur,
942 3206 1106 3266 ,num
1149 3187 1266 3263 ipsi
1304 3187 1420 3252 duo
1454 3188 1563 3248 illa
1599 3191 1764 3248 cuius
1799 3207 1936 3258 0080
1965 3188 2146 3250 etiam
2175 3189 2490 3262 senserint,
2535 3189 2719 3266 immo

373 3296 520 3335 num
564 3296 718 3336 1111110
764 3278 930 3337 100110
976 3267 1097 3352 11111
1123 3276 1520 3335 11108011111111111
1565 3276 1931 3353 pronominis
1973 3276 2307 3353 ,possessivi
2350 3277 2539 3336 fuisse
2584 3299 2717 3354 pro—

376 3366 499 3445 bet,
546 3370 727 3426 extet.
817 3365 1082 3436 Quarum
1136 3365 1556 3441 quaestionum
1608 3365 1867 3440 primum
1921 3367 1997 3424 ad
2043 3367 2299 3426 alteram
2345 3368 2717 3443 respondebo

376 3474 680 3531 opponens
726 3474 973 3516 versum·
1015 3453 1283 3513 Terentii
1327 3454 1515 3514 Andr.
1561 3453 1650 3512 IV
1695 3456 1755 3527 4,
1804 3457 1888 3514 24
1938 3479 2021 3503 =
2074 3457 2227 3514 763:

699 3542 875 3619 Cedo,
921 3543 1164 3620 quoium
1206 3551 1460 3619 puerum
1505 3542 1604 3603 hic
1650 3543 1981 3619 adposisti?
2052 3543 2160 3601 Dic
2204 3543 2370 3603 mihi.

375 3633 506 3693 Hoc
551 3633 681 3693 loco
728 3635 964 3706 quoium
1006 3633 1156 3692 nihil
1203 3631 1368 3691 aliud
1410 3631 1528 3690 nisi
1572 3632 1897 3708 possessivi
1940 3631 2256 3691 masculini
2300 3635 2505 3707 quoius
2550 3652 2717 3693 accu-

377 3722 606 3782 sativus
671 3741 804 3782 esse
866 3725 1083 3797 potest.
1154 3727 1157 3734 ’
1201 3722 1293 3781 De
1363 3721 1645 3797 genetivo
1718 3721 1972 3798 pluralis
2044 3721 2285 3781 relativi
2346 3723 2717 3799 pronominis

375 3814 607 3885 quoiwm
651 3812 909 3873 fortasse
954 3812 1166 3871 Plauto
1213 3809 1606 3870 adiudicando
1652 3810 1967 3886 quominus
2015 3810 2373 3886 cogitemuS‚
2419 3812 2720 3872 sententia

374 3900 492 3960 loci
533 3901 830 3976 prohibet..
901 3900 1105 3962 Davus
1152 3899 1309 3960 enim
1354 3898 1824 3974 interrogatione
1868 3899 1977 3960 illa
2020 3899 2171 3958 nihil
2215 3899 2380 3959 aliud
2424 3902 2557 3960 vult
2599 3901 2718 3962 nisi

374 3993 445 4049 ut
488 3989 676 4066 Mysis
730 4008 945 4051 nomen
988 3989 1177 4064 patris
1224 3988 1397 4064 pueri
1440 3987 1477 4049 i.
1527 4007 1576 4048 0.
1623 3988 1924 4064 Pamphili
1968 3988 2164 4048 edicat
2208 3992 2272 4048 et
2316 3992 2386 4048 ut
2430 3987 2714 4049 Chremes

350 4078 519 4155 ·quid
555 4078 903 4156 Pamphilus
947 4078 1014 4137 in
1059 4097 1125 4138 se
1158 4076 1470 4138 admiserit
1513 4076 1735 4137 audiat.
1824 4077 2014 4154 Mysis
2059 4080 2367 4155 tamquam
2411 4077 2716 4138 haesitans

372 4168 696 4243 respondet
746 4170 924 4228 vostri
977 4167 1103 4228 scil.
1156 4186 1427 4243 puerum.
1519 4163 1670 4225 Cum
1714 4166 1921 4228 Davus
1975 4170 2193 4244 pergat
2244 4169 2449 4241 quoius
2491 4170 2717 4228 nostri?

373 4256 484 4316 illa
534 4256 829 4331 Pamphili
878 4257 1216 4339 respondet.
1307 4254 1458 4314 Cum
1500 4253 1693 4331 igitur
1736 4258 1970 4328 quodum
2014 4256 2209 4315 solum
2253 4257 2329 4315 ad
2374 4256 2565 4332 patris
2609 4276 2712 4317 no-

375 4365 514 4406 men
557 4347 817 4420 spectet,
861 4363 1188 4422 pronomen
1230 4343 1638 4420 possessivum
1684 4346 1794 4404 est.
1871 4342 2043 4414 Quod
2084 4345 2147 4403 in
2183 4346 2578 4421 responsione·
2613 4365 2713 4424 ge·

374 4435 613 4496 netivus
657 4437 845 4495 nostri
884 4437 995 4512 est,
1039 4434 1268 4511 pariter
1308 4433 1560 4493 Plautus
1602 4432 1770 4492 Trin.
1815 4434 1901 4493 45
1931 4452 1978 4492 s.
2026 4433 2290 4509 scripsit:
2357 4485 2362 4492 .
