3009 4767
1246 228 1681 292 ..m-

245 457 265 476 ,
297 400 490 459 totum
537 398 649 456 hoc
698 397 824 456 loco
869 413 1202 458 sermonem
1247 394 1559 456 turbatum
1606 392 1908 456 existimat
1958 395 2350 470 nostrumque
2393 411 2633 454 versum

294 488 378 583 sic
421 486 725 549 emendat:
995 515 999 520 ·

615 575 681 636 Si
724 575 919 638 aliena
960 591 1052 635 re
1074 575 1305 650 potitus
1351 576 1469 648 est,
1515 572 1716 650 perdit
1759 570 1956 634 fidem.

415 754 516 818 IV.
605 752 1198 831 Summatprioris
1242 750 2065 830 partis-disputationis
2109 751 2515 812 exhibetur.

470 879 598 938 Iam
645 898 719 939 ea
763 857 916 956 quae
955 880 1073 938 huc
1117 896 1306 954 usque
1352 876 1685 954 reperimus
1731 875 2000 937 breviter
2045 877 2630 953 comprehendamus,

466 967 514 1027 Ι.
592 968 666 1027 In
720 987 991 1029 sermone
1047 967 1344 1028 cotidiano
1397 965 1688 1043 temporis
1732 964 1937 1025 Plauti
1983 968 2047 1025 et
2093 965 2359 1041 Terentii
2405 966 2631 1026 formae

295 1058 587 1135 quaedam
632 1056 967 1161 disyQae
1013 1057 1276 1133 genetivi
1320 1055 1739 1133 pronominum
1777 1058 1838 1113 et
1874 1054 2302 1115 adiectivorum
2337 1056 2632 1131 pronomi-

288 1174 517 1232 nalium
571 1172 634 1231 in
685 1176 709 1232 i
759 1163 906 1255 (ius)
960 1172 1318 1232 terminatae
1362 1171 1916 1248 frequentabantur.
2008 1170 2257 1231 Formas
2304 1171 2366 1230 in
2411 1175 2436 1231 i
2455 1219 2460 1228 .
2480 1171 2630 1231 desi-

291 1265 501 1321 nentes
548 1261 729 1321 etiam
774 1261 1027 1338 scriptas
1074 1280 1204 1321 esse
1249 1263 1482 1320 certum
1528 1263 1637 1333 est,
1683 1258 2026 1320 terminatio
2071 1263 2124 1321 is
2160 1261 2470 1338 scriptura,
2514 1259 2633 1344 nisi

292 1351 450 1429 quod
496 1352 631 1411 alis-
652 1351 932 1425 traditur,
975 1369 1096 1411 non
1140 1349 1380 1411 videtur
1425 1368 1709 1426 expressa
1754 1369 1901 1409 esse.

469 1439 546 1498 II.
629 1440 942 1500 Breviores
989 1429 1089 1498 illi‘
1125 1439 1393 1516 genetivi
1435 1437 1571 1517 pari
1615 1438 1742 1506 fere
1783 1439 1850 1497 in
1896 1458 2009 1498 usu
2056 1459 2125 1497 ac
2171 1438 2384 1499 solitae
2429 1439 2493 1498 in
2537 1443 2633 1500 ius

289 1530 654 1590 trochaicum
708 1529 1045 1589 desinentes
1099 1530 1325 1588 formae
1371 1530 1561 1588 erant.
1657 1528 2008 1588 Manserunt
2062 1531 2352 1606 quantum
2408 1528 2629 1589 scimus

292 1617 585 1695 quaedam
633 1638 838 1680 earum
886 1610 1051 1698 (alii)
1107 1636 1297 1696 usque
1351 1617 1428 1683 ad
1475 1615 1750 1676 Caesaris
1798 1620 2080 1678 aetatem.
2170 1616 2439 1678 Terentii
2483 1620 2631 1678 tem-

293 1727 439 1785 pore
483 1707 788 1768 breviores
833 1707 1086 1781 formae,
1133 1726 1267 1765 cum
1312 1706 1473 1782 apud
1516 1706 1801 1776 Plautum
1846 1707 2039 1766 'rarior
2085 1726 2292 1765 eorum
2338 1726 2484 1772 usus
2531 1709 2629 1786 sit,

295 1796 666 1873 longioribus
714 1797 895 1856 etiam
939 1773 1244 1872 praelatae
1291 1814 1424 1855 esse
1468 1794 1767 1866 videntur.

468 1885 578 1944 III.
670 1884 1095 1946 Genetivorum
1158 1884 1729 1961 antepaenultimam
1793 1884 2242 1984 corripientium
2308 1871 2629 1962 creticique

292 1978 600 2035 accentum
643 1973 993 2036 habentium
1036 1973 1154 2032 nisi
1197 1992 1444 2050 perrara
1486 1972 1855 2050 pronominis
1892 1975 1989 2033 ille
2025 1975 2299 2052 exempla
2334 1974 2495 2051 apud
2532 1993 2629 2036 ve-

244 2075 249 2080 ’
293 2067 451 2124 teres
498 2066 706 2139 poetas
753 2063 1050 2123 scaenicos
1095 2081 1214 2122 non
1259 2062 1662 2123 inveniuntur.

449 2152 574 2221 IV.
619 2141 896 2212 Genetivi
922 2151 1266 2212 tribrachici
1301 2151 1771 2229 proparoxytoni
1808 2153 1968 2212 illius
2005 2154 2069 2212 et
2103 2153 2271 2213 istius
2308 2152 2629 2213 damnandi

297 2245 450 2303 sunt.

468 2331 541 2390 V.
603 2330 892 2391 Genetivo
927 2332 1084 2390 modi
1116 2330 1472 2411 accedente„
1495 2330 1912 2407 genetivorum
1948 2331 2363 2406 pronominum
2399 2332 2623 2391 formas

300 2421 636 2481 decurtatas
683 2423 1024 2480 constantes
1070 2420 1259 2479 fuisse
1301 2419 1456 2480 veri
1479 2419 1848 2480 simillimum
1895 2422 2003 2479 est.

470 2511 578 2571 VI.
649 2507 910 2570 Alterius
953 2510 1122 2569 iuxta
1166 2511 1346 2586 atque
1392 2506 1637 2570 alterius
1679 2509 2102 2585 usurpabatur.

386 2749 389 2758 Α
469 2724 766 2790 Ciceronis
813 2724 1082 2799 tempore
1127 2724 1368 2799 praeter
1413 2723 1620 2783 solitas
1656 2723 1881 2782 formas
1920 2721 1983 2782 et
2018 2722 2284 2800 genetivi
2319 2722 2648 2784 breviores·

295 2818 356 2874 et
398 2814 625 2874 formae
670 2812 1025 2890 trisyllabae
1077 2811 1507 2888 paenultimam
1563 2811 1949 2889 corripientes
2008 2805 2189 2872 etiani
2235 2813 2298 2871 in
2342 2831 2456 2871 usu
2501 2809 2626 2871 fue'-

295 2906 453 2962 runt.
550 2902 742 2962 Varro
798 2904 861 2961 et
917 2899 1137 2960 Caesar
1192 2902 1299 2960 alii
1353 2903 1746 2978 scripserunt,
1807 2898 1969 2961 z‘llt‘us
2021 2901 2088 2960 in
2141 2917 2410 2961 sermone
2465 2902 2628 2963 vitae

295 2992 618 3052 communis
663 2991 799 3066 fuit,
846 2989 1140 3066 Catullus,
1185 3009 1259 3048 ne
1307 2989 1379 3048 de
1426 2991 1593 3066 poesi
1640 2990 1942 3072 dactylica.
1968 2989 2177 3063 dicam,
2224 2990 2519 3068 genetivis
2564 2992 2630 3050 in

291 3086 387 3143 ius
430 3081 768 3140 terminatis
812 3079 930 3138 nisi
973 3078 1343 3154 paenultima
1388 3082 1665 3155 correpta
1706 3097 1826 3138 non
1872 3083 1965 3139 est
2011 3099 2184 3156 usus;
2237 3099 2293 3140 v.
2340 3079 2627 3141 Ritschel.

233 3179 239 3186 '
289 3163 387 3248 op.
429 3170 492 3229 II
541 3172 686 3230 679.
775 3167 961 3227 Aetas
1007 3166 1274 3244 Augusti
1316 3186 1660 3228 mensuram
1703 3166 1800 3229 “ius
1844 3167 2159 3245 reliquisse
2205 3171 2288 3229 et·
2312 3157 2626 3246 genetivos

287 3259 722 3338 paenultimam
767 3256 1161 3334 producentes
1208 3257 1469 3334 exceptis
1517 3254 1761 3318 alterius
1806 3261 1868 3318 et
1912 3253 2215 3332 utriusque
2251 3258 2376 3319 solo
2411 3259 2477 3317 in
2515 3279 2626 3318 usu

290 3347 572 3410 habuisse
616 3346 874 3407 videtur.
967 3346 1094 3417 Quo
1150 3347 1341 3423 magis
1397 3345 1605 3406 formis
1635 3346 1720 3405 ‘in
1766 3350 1790 3407 i
1835 3338 1981 3428 (ἇῖε)
2037 3346 2449 3408 desinentibus
2496 3367 2629 3407 eam

292 3437 657 3498 abstinuisse
721 3435 1125 3496 coniciendum
1188 3437 1299 3495 est.
1414 3432 1729 3509 Utriusque
1792 3440 1854 3496 et
1917 3433 2160 3497 alterius
2224 3436 2403 3496 etiam
2467 3438 2628 3512 apud

292 3526 633 3587 Phaedrum
677 3528 739 3585 et
774 3524 933 3600 apud
966 3524 1253 3584 Senecam
1288 3523 1689 3595 inveniuntur.
1762 3524 2111 3595 Quintiliani
2146 3528 2414 3603 tempore
2449 3523 2630 3586 tintus

295 3637 329 3677 e
385 3617 514 3677 vita
571 3613 870 3678 communi
927 3613 1005 3673 ad
1064 3614 1259 3680 solum
1316 3616 1630 3690 poetarum
1688 3633 1865 3674 usum
1925 3614 2174 3680 abierat
2279 3614 2628 3691 Insequenti

295 3705 506 3765 deinde
563 3707 833 3780 tempore
888 3701 1200 3780 productio
1259 3703 1664 3779 paenultimae
1720 3704 1870 3763 adeo
1927 3703 2327 3764 increbruisse
2371 3703 2630 3780 videtm,

295 3798 364 3854 ut
422 3793 588 3854 circa
634 3793 815 3853 finem
871 3792 1040 3853 tertii
1097 3812 1154 3869 p.
1203 3791 1347 3853 Chr.-
1393 3811 1450 3852 n.
1495 3791 1724 3852 saeculi
1783 3792 2182 3854 Terentianus
2242 3793 2492 3853 Maurus
2551 3812 2628 3854 ne

297 3880 540 3944 alteri'us
585 3882 826 3959 quidem
871 3882 1245 3957 admitteret,
1291 3882 1397 3942 sed
1441 3882 1684 3943 alterius
1729 3881 2041 3943 scriberet:
2108 3878 2112 3883 ’

382 3992 440 4034 v.
491 3973 659 4033 1352
709 3967 793 4052 (p.
843 3972 970 4032 366
1008 3962 1140 4052 K.)=

612 4059 894 4168 Sescuplo
939 4060 1038 4121 vel
1081 4062 1205 4120 una
1249 4058 1449 4120 vincet
1492 4059 1735 4122 alterius
1779 4060 2105 4139 singulum.

380 4152 654 4211 v.1611
703 4142 815 4229 (μ’
836 4150 962 4209 373
996 4142 1143 4229 Κ)

612 4237 734 4298 Sub
781 4238 1020 4298 dlterius
1062 4238 1349 4298 consonat
1392 4236 1697 4299 vocabulo.

385 4348 438 4388 v.
487 4329 659 4389 2184
708 4319 792 4406 (p.
840 4329 963 4387 391
1013 4320 1139 4406 K.):

611 4416 738 4476 Nec
780 4416 1020 4478 alterius
1062 4415 1336 4493 indigens
1383 4419 1512 4492 opis
1558 4418 1715 4478 veni.
