3009 4767
1399 229 1840 299 *46*

627 396 700 458 In
744 401 980 473 trayicis
1014 397 1240 458 inveni.
1287 398 1427 461 Acc.
1459 402 1607 460 152.
1660 403 1804 460 294.
1845 402 1966 460 621
2003 391 2135 482 (ubi
2172 397 2482 462 Ribbeckii
2517 399 2801 461 emenda-

453 488 677 547 tionem
722 508 831 563 pro
878 491 1042 548 certa
1084 480 1310 568 habeo)
1354 489 1466 551 ine.
1511 489 1623 549 inc.
1669 490 2025 565 frgm.114.
2074 492 2197 548 129
2230 508 2294 564 s.,
2340 489 2404 548 in
2449 491 2799 549 emmonem

452 578 807 653 fragmentis
853 577 1039 637 Naev.
1089 579 1145 638 2.
1223 577 1450 653 Turpil.
1499 580 1654 639 201.
1708 583 1919 654 septem
1963 577 2248 654 exempla.

629 664 844 725 Omnia
889 667 1161 741 exempla
1205 669 1624 742 quinquaqinta
1668 672 1938 741 quattuor
1983 670 2138 727 sunt.
2271 677 2277 686 ‘

629 789 693 849 C.
767 790 1003 867 Quoius
1046 859 1061 872 .

629 897 810 975 Apud
855 897 1192 960 Plautum
1239 901 1356 958 est:

449 987 668 1063 Amph.
714 987 865 1063 prol.
913 988 1014 1046 26.
1067 988 1214 1047 589.
1262 989 1410 1048 861.
1473 987 1642 1048 Asin.
1697 990 1838 1049 144.
1891 991 2034 1048 724.
2099 988 2311 1048 Bacch.
2361 989 2550 1048 1016.
2620 986 2796 1063 Oapt.

454 1079 598 1137 106.
646 1078 792 1136 806.
853 1073 984 1150 Cas.
1030 1075 1091 1134 H
1120 1078 1187 1150 4,
1215 1079 1275 1135 4.
1320 1076 1414 1136 ΙΙΙ
1445 1071 1502 1151 6,
1533 1079 1617 1136 20
1664 1070 1895 1158 (quoius
1939 1079 2002 1137 τά
2044 1078 2271 1149 servos,-
2334 1081 2580 1153 propter
2626 1081 2795 1135 ante-

452 1166 729 1226 cedentes
775 1168 1132 1240 anapaestos
1179 1183 1312 1224 erws
1355 1184 1532 1226 svm:
1558 1187 1579 1225 .·
1607 1165 1719 1241 Qui
1738 1201 1761 1211 ·
1783 1184 1915 1227 erus
1959 1170 2021 1226 et
2068 1185 2200 1225 cum
2246 1167 2412 1225 nullo
2456 1167 2584 1226 loco
2629 1166 2795 1245 apud

448 1254 734 1314 Plautum
779 1256 982 1328 quoius
1027 1256 1350 1330 oxytonum
1395 1255 1477 1316 sit
1523 1252 1606 1334 [v.
1651 1255 1809 1320 infra
1854 1276 1909 1332 p.
1958 1253 2097 1331 60],
2161 1257 2390 1331 quoiw,
2449 1257 2590 1314 utut
2645 1273 2788 1313 ana-

447 1343 642 1420 paesti
697 1343 1124 1415 discribuntur,
1187 1343 1666 1420 monosyllabum
1730 1336 1880 1425 est).
1970 1344 2144 1421 Epid.
2197 1343 2252 1402 V
2312 1347 2377 1418 2,
2435 1346 2536 1405 50.
2628 1344 2792 1403 Men.

449 1435 596 1491 221.
652 1433 799 1493 575.
850 1431 978 1493 Mil.
1040 1434 1138 1491 17.
1200 1434 1388 1492 1081.
1443 1433 1620 1492 Most.
1679 1436 1823 1492 642.
1873 1436 2019 1494 817.
2068 1434 2213 1492 818.
2264 1435 2410 1494 908.
2465 1431 2632 1492 Pers.
2679 1434 2787 1491 83.

449 1523 594 1582 261.
643 1522 789 1581 648.
832 1520 1010 1581 Poen.
1056 1519 1086 1577 Ι
1135 1523 1202 1594 2,
1251 1524 1330 1580 62
1381 1517 1716 1597 (lenissima
1763 1520 2194 1584 CFGMuelleri
2238 1521 2312 1581 de
2356 1541 2514 1598 pros.
2562 1521 2652 1581 Pl.
2700 1523 2785 1580 35

448 1610 779 1670 mutatione
821 1610 1057 1669 nebulai
1100 1613 1342 1685 recepta
1386 1611 1623 1687 integer
1666 1629 1877 1671 versus
1923 1599 2283 1683 restituitur,
2329 1613 2399 1669 ut
2443 1611 2597 1672 mira
2635 1609 2790 1687 Gep-

446 1699 605 1775 perti
668 1689 1007 1786 coniectura
1069 1717 1218 1774 opus
1273 1718 1392 1759 non
1447 1694 1556 1780 sit)
1616 1699 1704 1758 IV
1755 1702 1811 1773 2,
1860 1702 1918 1759 2.
1974 1699 2189 1759 Pseud.
2239 1702 2385 1759 210.
2442 1699 2593 1761 Rud.
2637 1700 2790 1778 prol.

448 1789 550 1850 78.
599 1789 700 1848 83.
748 1789 894 1847 422.
944 1789 1090 1848 963.
1138 1786 1321 1848 Stich.
1371 1790 1475 1850 69.
1522 1788 1688 1879 Τιἰιι.
1736 1746 1884 1849 501.
1938 1791 2126 1850 1126.
2173 1786 2347 1848 Truc.
2394 1788 2425 1846 Ι
2474 1790 2728 1866 2,101.

627 1912 844 1987 Quoius
888 1915 1129 1987 trv’ymta
1163 1915 1346 1973 tribus
1388 1913 1537 1973 locis
1581 1913 1783 1972 Plauti
1829 1915 2011 1973 extat.

1301 2002 1396 2028 Α

624 2037 804 2114 Apud
853 2037 1180 2097 Terentium
1223 2040 1428 2111 quoius
1471 2037 1697 2097 inveni:
2728 2038 2733 2044 ’

536 2126 724 2188 Andr.
781 2128 928 2186 336.
985 2128 1131 2186 541.
1192 2127 1334 2186 765.
1393 2126 1575 2185 Haut.
1634 2128 1780 2187 233.
1838 2129 1983 2187 260.
2042 2128 2197 2188 393.-
2243 2125 2390 2187 428.
2445 2126 2587 2187 Hec.
2617 2128 2786 2187 -.514

454 2218 601 2278 561.
648 2217 794 2277 571.
841 2214 1081 2275 Phorm.
1131 2217 1231 2276 60.
1278 2217 1424 2274 402.
1475 2217 1621 2275 941.
1712 2214 1864 2274 Sunt
1908 2215 2174 2275 bredecz'm
2219 2217 2505 2291 exempla.

622 2305 714 2363 Ex
765 2307 1108 2380 fraymentis
1152 2307 1502 2379 tragicorum
1547 2303 1737 2364 habeo
1782 2304 1919 2364 Acc.
1971 2306 2114 2365 193.
2161 2307 2308 2364 446.
2355 2306 2503 2364 485.
2561 2303 2782 2365 Pacuv.

452 2368 596 2454 183.
642 2393 848 2454 incert.
895 2393 1107 2470 fragm.
1154 2394 1256 2453 55.
1307 2396 1408 2468 94,
1455 2413 1526 2453 ex
1570 2395 1910 2468 fraymentis
1956 2396 2146 2453 comio.
2192 2393 2401 2452 Afran.
2442 2395 2587 2453 351.
2637 2395 2785 2454 364

454 2482 670 2543 Laber.
716 2485 819 2543 98.
873 2482 1059 2543 Naev.
1103 2484 1246 2543 109.
1300 2482 1452 2543 Nov.
1493 2484 1574 2542 21
1627 2476 1773 2561 (bis,·
1821 2482 2263 2559 discriptionem
2308 2501 2519 2544 versus
2566 2502 2604 2541 a
2648 2483 2787 2542 Rib-

446 2571 658 2631 beckio
701 2572 996 2648 prolatam
1042 2565 1266 2650 recepi)
1313 2571 1495 2647 Turp.
1540 2572 1683 2631 152.
1729 2570 1901 2631 Publ.
1949 2571 2081 2648 Syr.
2127 2574 2288 2631 518·
2275 2617 2288 2631 .
2335 2573 2785 2646 quattuordecim

450 2661 736 2737 exempla.
1663 2703 1670 2710 -

629 2748 842 2810 Omnia
887 2751 1163 2826 exempla
1202 2751 1503 2825 sexaginta
1549 2751 1669 2810 tria
1714 2750 1871 2809 sunt.

627 3065 1026 3147 Posteaquam
1071 3074 1199 3130 tam
1244 3090 1344 3131 eos
1389 3071 1551 3131 locos
1599 3070 1814 3148 quibus
1861 3071 1983 3131 eius
2024 3071 2195 3130 huius
2239 3072 2468 3144 quoius.
2486 3070 2782 3147 disyllaba

448 3178 627 3237 quam
687 3159 903 3236 quibus
963 3160 1379 3237 monosyllaba
1433 3160 1721 3236 leguntur
1776 3160 2278 3237 enumeravimus,
2331 3160 2453 3218 iam
2498 3179 2647 3236 quas
2692 3178 2780 3219 ra-

445 3250 638 3309 tiones
684 3267 830 3308 usus
878 3268 950 3308 ex
993 3249 1067 3308 iis
1112 3248 1374 3308 numeris
1420 3249 1724 3308 eliciamus
1769 3248 1972 3322 yidere
2016 3249 2174 3311 licet.

624 3338 779 3416 Eius
838 3338 1240 3415 monosyllabi
1299 3340 1617 3412 nonaginta
1680 3340 1797 3398 tria
1860 3338 2127 3413 exempla
2191 3341 2355 3413 sunt,
2420 3340 2543 3398 eius
2604 3337 2782 3414 disyl-

446 3427 651 3487 labum
705 3431 928 3486 centwm
981 3430 1166 3487 tribus
1216 3427 1363 3486 locis
1419 3430 1531 3487 est.
1631 3415 1746 3497 Qui
1801 3426 1916 3486 duo
1976 3427 2381 3503 exemplorum
2433 3427 2667 3488 numeri
2728 3426 2776 3487 si

447 3517 606 3576 inter
652 3533 714 3574 se
761 3519 1194 3594 comparantur,
1239 3516 1417 3590 haud·
1446 3516 1570 3575 fere
1615 3516 1807 3588 rarius
1852 3516 2151 3576 Romanos
2196 3520 2465 3592 tempore
2508 3519 2777 3576 veterum

446 3608 762 3683 poetarum
808 3605 1079 3665 breviore
1124 3623 1305 3682 quam
1344 3599 1619 3681 longiore
1663 3606 1855 3663 forma
1900 3623 2040 3664 usos
2088 3623 2218 3665 esse
2255 3605 2634 3684 perspicuum
2669 3608 2777 3663 est.

448 3694 564 3754 Sed
620 3693 783 3753 aliud
835 3712 1068 3769 quoque
1123 3693 1718 3753 animadvertendum
1775 3696 1885 3753 est.
1976 3693 2228 3753 Plautus
2276 3694 2577 3770 octoginta
2630 3694 2774 3753 locis

446 3785 699 3844 formam
737 3781 1106 3858 disyllabam,
1153 3783 1469 3842 Terentius
1507 3782 1722 3859 viginti
1760 3782 2012 3861 scripsit,
2057 3782 2531 3859 monosyllabam
2575 3786 2775 3841 autem

447 3873 699 3932 Plautus
755 3870 1009 3947 triginta
1061 3889 1298 3947 novem,
1363 3871 1680 3942 Terentius
1736 3871 2133 3949 quadraginta
2175 3872 2371 3930 tribus
2417 3870 2562 3931 locis
2608 3890 2776 3930 usur-

448 3961 633 4037 pavit.
740 3959 997 4018 Plautus
1056 3959 1249 4035 igitur
1309 3959 1553 4019 dimidio
1615 3962 1751 4036 plus
1816 3964 1939 4020 eius
2001 3960 2387 4036 disyllabum,
2462 3959 2775 4019 Terentius

448 4049 690 4108 dimidio
736 4048 873 4125 plus
920 4041 1399 4125 monosyllabum
1443 4049 1867 4124 frequentavit.
1956 4047 2193 4109 Pariter
2238 4067 2419 4123 supra
2462 4068 2519 4123 p.
2540 4051 2623 4109 20
2669 4047 2775 4107 Te-

447 4141 708 4198 rentium
761 4137 1032 4198 breviore
1085 4138 1362 4215 genetivo
1416 4139 1579 4197 illius
1629 4137 1823 4214 magis
1879 4156 2058 4213 quam
2109 4137 2377 4215 longiore
2424 4137 2599 4197 usum
2647 4155 2775 4197 esse

450 4227 723 4288 vidimUS.

626 4316 825 4374 Huius
894 4315 1319 4394 monosyllabi,
1392 4334 1526 4375 cum
1600 4316 1885 4393 disyllabi
1927 4319 2270 4390 'nonayinta
2330 4317 2444 4376 duo
2507 4316 2775 4390 exempla

452 4405 603 4484 sint,
663 4408 1080 4478 qmnquayinta
1125 4410 1393 4480 quattuor
1435 4404 1790 4465 invenimus.
1878 4405 2093 4465 Forma
2136 4407 2321 4481 igitur
2364 4405 2776 4480 monosyllaba
