3009 4767
1245 248 1684 314 -57-

305 415 560 492 singulis
606 414 751 476 locis
796 411 919 477 &ius
964 418 1026 476 et
1068 410 1241 476 Mlius
1286 407 1476 498 (Pers.
1527 416 1674 475 830.
1722 412 1891 474 Curc.
1943 404 2127 494 716),
2182 411 2500 472 Terentius
2546 411 2641 470 bis

308 499 433 565 &ius
478 500 743 584 (Phorm.
789 507 931 565 113.
972 496 1147 585 185),
1192 504 1287 563 bis
1332 500 1507 563 bilius
1552 495 1730 582 (Eun.
1771 505 1917 563 980.
1952 502 2134 562 Haut.
2173 493 2333 582 551)
2377 500 2643 577 praebet,

302 594 615 654 accedunt·
646 594 762 654 duo
817 589 967 668 cius,
1024 595 1279 653 alterum
1324 592 1484 670 apud
1529 592 1874 670 Pacuvium,
1920 593 2177 651 alterum
2201 589 2383 667 -apud
2428 588 2641 665 Turpi-

301 683 474 742 lium:
530 701 681 759 quae
737 684 1007 759 exempla
1058 683 1181 758 legi
1235 682 1327 741 illi
1373 700 1525 758 quae
1569 681 1634 739 in
1676 682 1739 742 vi
1783 679 2188 741 antecedentis
2234 678 2434 739 brevis
2480 678 2641 738 vocis

302 791 481 832 unam
519 772 816 849 syllabam
854 772 1165 832 efficientis
1204 773 1267 832 et
1302 790 1437 832 cum
1472 773 1718 830 accentu
1756 770 2027 846 prolatae
2060 769 2261 846 posita
2287 770 2396 842 est,
2445 767 2643 826 omnia

303 864 532 937 parent.
624 861 876 921 Perrara
919 861 1078 937 apud
1125 859 1409 920 Plautum
1455 878 1527 920 ea
1570 878 1867 934 mensura,
1911 859 2108 918 minus
2153 876 2293 918 rara
2337 857 2496 934 apud
2533 856 2642 915 Te-

303 950 563 1009 rentium
618 952 726 1011 est.
820 949 990 1021 Quod
1045 952 1248 1009 utrum
1302 968 1445 1009 casu
1487 949 1598 1008 fiat
1641 967 1719 1008 an
1762 947 2172 1025 progredienti
2218 945 2505 1006 sermonis
2553 963 2643 1005 co-

305 1039 519 1098 tidiani
573 1029 737 1099 usui'
762 1039 1148 1100 tribuendum
1206 1039 1310 1111 sit,
1363 1038 1463 1099 vix
1508 1037 1820 1097 diiudicari
1862 1038 2102 1113 poterit.
2184 1035 2298 1095 Sed
2344 1033 2644 1095 recordari

305 1127 618 1202 debemus,
675 1129 831 1205 quod
878 1128 1194 1187 discrimen
1239 1128 1303 1185 in
1348 1127 1699 1187 adhibendis
1746 1126 1928 1186 variis
1973 1125 2182 1186 formis
2229 1124 2643 1200 genetivorum

303 1217 720 1293 pronominum
774 1219 932 1277 inter
979 1236 1153 1277 usum
1198 1217 1400 1276 Plauti
1446 1218 1510 1275 et
1555 1215 1823 1275 Terentii
1867 1215 2158 1275 interesse
2204 1232 2387 1290 supra
2433 1230 2644 1288 cogno-

306 1306 595 1366 verimus:
640 1307 898 1366 fortasse
947 1306 1140 1366 simile
1186 1303 1414 1381 'aliquid
1449 1305 1546 1364 hic
1584 1305 1809 1365 subest.
1884 1303 1995 1363 Cui
2033 1303 2366 1363 sententiae
2405 1302 2645 1377 singula

304 1397 575 1471 exempla
635 1415 788 1471 quae
848 1394 1008 1472 apud
1068 1394 1395 1455 Pacuvium
1454 1398 1519 1454 et
1576 1394 1914 1470 Turpilium
1929 1439 1944 1467 ‚
2007 1396 2328 1471 utrumque
2383 1388 2649 1451 Terentii

306 1483 631 1560 aequalem,
678 1484 1081 1560 inveniuntur,
1128 1483 1353 1560 aliquid
1398 1482 1539 1543 fidei
1584 1484 1797 1543 afferre
1841 1482 2140 1543 videntur.

533 1825 607 1886 V.
679 1824 792 1885 De·
825 1823 1191 1900 genetivis
1242 1816 1430 1884 ‘eius
1476 1824 1691 1883 huius
1737 1815 2026 1899 quoius'
2073 1823 2425 1899 oxytoniS.

481 1966 624 2026 Loci
666 1966 939 2028 nonnulli
983 1967 1393 2040 inveniuntur,
1448 1965 1666 2042 quibus
1714 1968 1837 2025 eius
1881 1966 2053 2026 huius
2098 1968 2301 2040 quoius
2345 1965 2647 2026 trochaica

303 2074 583 2116 mensura
628 2059 865 2117 servata
908 2056 971 2114 in
1016 2056 1230 2115 ultima
1267 2054 1503 2132 syllaba
1539 2057 1859 2114 acuuntur:
1906 2073 2059 2130 quae
2097 2056 2367 2131 exempla
2401 2057 2647 2131 propter

303 2145 610 2205 insolitum
660 2146 968 2206 accentum
1006 2145 1329 2221 separatim
1365 2147 1628 2205 tractare
1661 2144 1876 2219 placet.
1950 2142 2202 2203 Omnino
2242 2143 2397 2202 enim
2432 2145 2647 2220 poetae

310 2234 562 2308 scaenici
616 2253 794 2294 usum
849 2235 1273 2294 vocabulorum
1325 2225 1761 2293 trochaicoru‘m
1807 2235 2114 2292 accentum
2158 2232 2221 2291 in
2266 2233 2481 2296 ultima
2527 2235 2644 2310 syl-

307 2323 448 2383 laba
492 2323 859 2401 habentium,
905 2327 975 2383 ut
1015 2343 1053 2382 a
1087 2321 1515 2384 consuetudine
1555 2322 1841 2382 sermonis
1879 2322 2205 2382 communis
2243 2321 2643 2382 Romanorum

301 2413 478 2488 plane
525 2413 751 2487 aberat,
798 2413 1072 2490 angustis
1118 2412 1335 2472 finibus
1381 2411 1992 2487 circumscripserunt.
2081 2410 2170 2470 Ac
2215 2410 2471 2487 primum
2519 2411 2646 2487 qui-

304 2502 439 2564 dem
493 2501 856 2561 Ritschelius
912 2502 1184 2579 prolegg.
1240 2501 1401 2560 Trin.
1457 2499 1724 2560 CCXXV
1769 2499 2098 2561 trochaicae
2145 2518 2347 2576 voces,
2394 2501 2645 2577 quarum

302 2591 516 2651 ultima
561 2590 796 2667 syllaba
840 2593 1086 2650 accentu
1129 2592 1340 2650 notata
1385 2592 1496 2664 est,
1542 2590 1606 2648 in
1651 2589 1973 2649 secundum
2017 2590 2115 2648 vel
2149 2589 2397 2647 tertium
2433 2589 2646 2665 pedem

310 2678 782 2756 septenariorum
829 2698 900 2739 ea
941 2680 1295 2756 plerumque
1336 2679 1653 2739 accedente
1700 2678 2037 2738 condicione
2074 2677 2476 2738 admittendas
2515 2697 2646 2737 esse

303 2770 506 2847 docet,
570 2761 640 2829 ut
693 2767 869 2828 binae
921 2769 1133 2829 breves
1191 2768 1461 2845 syllabae
1509 2771 1852 2844 sequantur.
1892 2779 1896 2783 ’
1937 2763 2089 2826 Tum
2132 2766 2172 2824 1.
2218 2768 2257 2827 l.
2306 2765 2570 2826 CCXXX
2599 2785 2643 2826 s.

304 2876 436 2918 eam
479 2847 822 2934 prosodiam
865 2858 929 2916 in
972 2858 1232 2934 primum
1270 2856 1488 2917 senarii
1535 2857 1749 2933 pedem
1793 2856 1967 2916 modo
2013 2874 2132 2914 una
2170 2855 2408 2931 quidem
2445 2856 2644 2916 brevis

308 2947 545 3023 syllaba
589 2949 875 3023 sequatur
919 2946 1162 3022 accipit3
1206 2966 1340 3005 cum
1384 2945 1563 3006 alteri
1608 2964 1841 3022 quoque
1883 2944 2022 3021 pedi
2068 2963 2200 3004 eam
2242 2963 2362 3004 non
2407 2944 2646 3020 quidem

306 3035 690 3110 abiudicarit,
743 3054 900 3095 nunc
954 3036 1338 3112 Brugmanus
1385 3028 1918 3105 ‘Quemadmodum
1972 3034 2035 3092 in
2089 3033 2269 3094 iamb.
2315 3052 2438 3093 sen.
2479 3033 2644 3092 Rom.

302 3127 420 3184 vet.
465 3125 786 3185 verborum
832 3128 1110 3184 accentus
1149 3142 1283 3183 cum
1326 3124 1591 3183 numeris
1629 3115 2041 3183 consociarint'
2077 3142 2134 3198 p.
2173 3124 2258 3181 43
2298 3141 2434 3181 eum
2461 3141 2646 3188 ,usum

304 3212 424 3273 nisi
456 3213 521 3273 in
555 3213 1097 3291 praepositionibus
1134 3216 1283 3273 inter
1304 3218 1548 3288 propter
1584 3231 1703 3272 non
1738 3211 1992 3272 inveniri
2030 3211 2215 3270 docet.
2287 3211 2646 3270 Addendum

305 3306 425 3377 est,
486 3304 644 3380 quod
699 3304 751 3362 si
808 3303 1099 3363 vocabula
1152 3302 1456 3374 trochaica
1508 3300 1803 3378 positione
1846 3300 2000 3359 fiunt
2045 3298 2388 3376 spondiaca,
2446 3318 2647 3361 neces-

304 3391 461 3451 sario
505 3392 721 3452 iisdem
771 3391 1209 3453 condicionibus
1257 3391 1471 3467 quibus
1519 3391 1716 3450 omnia
1760 3389 2052 3450 vocabula
2097 3388 2416 3464 spondiaca
2465 3389 2647 3449 conti-

305 3483 539 3541 nentur.
638 3480 729 3540 De
795 3480 1247 3556 spondiacarum
1308 3499 1521 3541 vocum
1585 3479 1687 3556 qui
1752 3482 1847 3538 est
1907 3478 1972 3536 in
2034 3476 2269 3537 senario
2333 3497 2447 3538 usu
2509 3480 2648 3554 post

305 3569 697 3630 Bitschelium
750 3570 791 3631 1.
845 3570 884 3630 1.
933 3567 1171 3629 CCXIX
1200 3588 1277 3629 ss,
1324 3569 1482 3629 idem
1511 3569 1894 3645 Brugmanus
1939 3568 1979 3625 1.
2028 3566 2068 3625 1.
2116 3568 2197 3628 22
2229 3585 2307 3626 ss.
2357 3584 2457 3626 eas
2504 3584 2645 3643 quo-

306 3678 421 3735 que
466 3678 617 3735 quae
667 3657 962 3734 positione
1009 3677 1080 3717 ex
1135 3657 1453 3718 trochaicis
1509 3658 1702 3720 factae
1750 3658 1892 3717 sunt
1947 3655 2447 3731 comprehendens
2494 3655 2645 3731 egit:

306 3747 410 3824 qui
455 3747 774 3824 spondiaca
819 3747 895 3806 ab
942 3748 1148 3823 altero,
1195 3748 1394 3822 tertio,
1432 3750 1652 3822 quarto
1699 3747 1827 3805 loco
1874 3744 2151 3805 excludit.

482 3836 611 3898 Iam
656 3838 816 3897 locos
862 3836 1024 3913 ipsos
1072 3836 1187 3895 huc
1231 3835 1600 3912 pertinentes
1648 3852 2078 3894 enumeremus.

483 3942 638 4003 Eius
681 3943 1008 4003 invenitur:

398 4042 465 4129 1)
511 4051 641 4110 Mil.
688 4053 877 4110 1171.

626 4138 927 4215 Quasique
973 4140 1096 4199 eicis
1140 4137 1599 4215 opulentitatem
1643 4137 1998 4196 reverearis:
2039 4138 2107 4216 5³¹³
2153 4134 2348 4194 simul.

306 4228 462 4287 Divis
507 4227 835 4288 condicioni
879 4226 970 4286 illi
1017 4246 1054 4286 a
1095 4226 1421 4292 Bitschelio
1466 4227 1508 4286 l.
1552 4227 1590 4285 1.
1640 4225 1904 4285 CCXXV
1951 4224 2293 4302 propositae
2340 4222 2597 4286 oboedit.

395 4333 622 4412 Versus
671 4326 739 4415 2)
784 4335 935 4395 Rud.
980 4335 1129 4411 prol.
1178 4338 1237 4395 2.

625 4423 779 4483 Εἰάε
822 4443 954 4484 sum
999 4424 1145 4484 civis
1192 4424 1435 4484 civitate
1480 4424 1777 4485 caelitum.
