3009 4767
1165 242 1603 310 „51—

271 403 383 488 12)
431 408 656 483 Turpil.
702 426 848 470 com.
896 410 1017 470 201
1051 398 1148 466 ΒΡ.

540 496 831 560 Coronam
876 515 1141 558 mensam
1186 496 1345 556 talos
1390 495 1614 573 vinum,
1659 497 1804 557 haec
1847 498 2020 559 huius
2062 499 2234 558 modi.

400 602 627 672 Quibus
682 603 991 666 duodecim
1043 602 1188 662 locis
1252 621 1387 661 cum
1448 603 1622 661 huius
1673 604 1829 662 modi
1881 606 2224 662 constanter
2275 607 2552 663 accentus

224 692 427 754 cretici
469 693 717 768 habeat,
772 711 927 752 unus
973 692 1137 751 locus
1181 693 1505 768 repugnat:
1559 690 1737 750 Poen.
1784 691 1841 748 V
1887 693 1955 768 4,
2005 694 2159 771 103,
2204 712 2382 769 quem
2425 712 2556 753 ver·

229 801 361 846 sum
404 781 546 857 libri
590 782 674 843 sic
715 781 1029 856 praebent:

538 888 698 947 Nam
734 887 887 947 alios
919 887 1178 963 pictores
1214 888 1302 946 nil
1337 906 1537 947 moror
1571 887 1744 947 huius
1776 887 1934 948 modi
1968 889 2229 950 tractare
2266 889 2555 967 exempla.

401 987 882 1054 OFGMueller'us
931 994 1003 1052 de
1048 1011 1205 1072 pros·
1253 992 1448 1053 Plaut.
1489 995 1613 1052 201
1666 993 2138 1053 emendationem
2181 1012 2340 1053 moro
2384 995 2558 1055 huius

225 1086 382 1145 modi
432 1084 689 1144 fortasse
741 1101 946 1143 veram
1000 1082 1295 1158 proponit.
1385 1080 1501 1140 Sed
1556 1101 1690 1142 cum
1734 1100 1945 1143 versus
1991 1083 2119 1144 Mil.
2170 1085 2337 1143 1023
2383 1085 2558 1144 huius

227 1193 385 1251 modi
429 1191 544 1250 duo
581 1189 767 1254 verba
801 1208 931 1249 esse
969 1189 1198 1268 probet,
1242 1191 1448 1249 nostro
1484 1189 1614 1250 loco
1648 1162 1821 1249 ἧτῖἱῖιε
1863 1189 2020 1251 mddi
2054 1189 2420 1290 praesidium
2454 1191 2558 1251 ali-

227 1297 386 1374 quod
430 1295 653 1356 habere
689 1297 941 1357 videtur.
1015 1295 1263 1356 Accedit
1299 1295 1458 1372 quod
1494 1296 1991 1356 consociationem
2025 1297 2200 1357 huius
2242 1299 2398 1358 ‘modi
2441 1316 2560 1358 non

228 1388 600 1536 (3ξὲξὲῗίῐὲἶῖ
652 1385 838 1445 fuisse
893 1388 1015 1445 tres
1063 1385 1328 1445 Terentii
1381 1403 1594 1445 versus
1649 1385 1711 1444 in
1766 1385 1983 1462 quib'us
2039 1387 2215 1446 huius
2253 1388 2411 1447 modi
2465 1391 2561 1447 est

322 1576 390 1661 1)
436 1582 674 1642 Phorm.
724 1583 873 1643 505.

545 1671 605 1730 N
610 1675 674 1731 ec
719 1690 853 1746 cum
897 1671 1069 1732 huius
1111 1671 1268 1756 modi
1312 1689 1597 1748 umquam
1642 1672 1789 1732 usus
1835 1668 2027 1744 venit,
2076 1672 2149 1730 1'1t
2192 1670 2562 1731 conflictares

1919 1760 2095 1820 malo.

322 1843 390 1932 2)
436 1848 676 1910 Phorm.
725 1852 873 1911 529.

547 1939 705 1997 Nam
750 1940 845 1998 hic
890 1957 986 1998 me
1026 1939 1201 1999 huius
1242 1939 1400 1999 modi
1436 1936 1630 1998 scibat
1666 1956 1831 1999 esse:
1877 1955 1987 2015 ego
2024 1938 2184 2040 hjinc
2220 1956 2351 1999 esse
2390 1937 2568 1999 aliter

232 2118 343 2179 His
391 2118 622 2178 duobus
668 2116 891 2180 tertius
928 2135 1141 2178 versus
1188 2116 1492 2178 addendus
1538 2119 1655 2177 est:
1926 2026 2162 2089 credldl·

322 2217 393 2305 3)
438 2223 622 2284 Haut.
669 2226 814 2284 812.

548 2313 750 2376 Huius
791 2310 951 2373 mods}
992 2313 1140 2374 mihi
1183 2332 1281 2373 res
1327 2317 1561 2389 semper
1603 2312 2065 2375 comminiscere.

236 2421 331 2480 Sic
375 2420 614 2481 initium
658 2438 866 2482 versus
914 2420 1280 2480 metiendum
1328 2423 1435 2497 est,
1482 2439 1601 2480 non
1643 2393 1816 2481 husius
1858 2417 2016 2480 mad&
2057 2405 2203 2480 mihi
2241 2438 2350 2479 rea
2431 2419 2569 2479 Non

236 2511 433 2570 solum
477 2509 637 2570 enim
690 2510 734 2568 ii
776 2509 1009 2568 numeri
1052 2509 1323 2586 languidi
1368 2512 1536 2586 sunt,
1584 2510 1689 2569 sed
1733 2511 1876 2569 mim
1919 2509 2078 2586 apud
2122 2509 2407 2568 Plautum
2450 2527 2571 2568 non

233 2600 323 2659 ita
367 2618 569 2659 rarum
605 2598 873 2659 Terentii
914 2598 975 2656 in
1021 2597 1244 2658 fabulis
1290 2602 1583 2674 quantum
1629 2608 1739 2676 ego
1777 2598 2015 2675 quidem
2051 2598 2252 2659 inveni
2287 2618 2406 2658 uno
2442 2599 2571 2658 loco

237 2690 465 2749 certum
512 2690 693 2764 extat,
741 2686 921 2746 Haut.
971 2689 1116 2748 691.

554 2776 873 2851 Antiphila
914 2795 1051 2835 mea
1093 2776 1279 2835 nubet
1322 2777 1469 2836 mihi
1511 2798 1524 2834 :
1555 2798 1570 2835 :
1616 2776 1775 2837 Siein
1818 2776 1965 2836 mihi
2010 2774 2456 2852 interldquere‘?

240 2885 369 2955 Quo
428 2884 555 2944 loco
609 2884 752 2942 mihi
809 2884 949 2942 ante
995 2882 1326 2959 legitimam
1374 2881 1731 2943 dihaeresim
1774 2884 2059 2959 positum,
2115 2883 2178 2940 in
2229 2900 2349 2957 qua
2393 2881 2574 2941 etiam

238 2991 630 3051 personarum
666 2971 918 3032 mutatio
957 2974 1066 3049 est,
1105 2971 1547 3031 excusationem
1585 2991 1754 3032 suam
1791 2972 1990 3031 habet.
2056 2970 2173 3030 Sed
2199 2971 2385 3030 Andr.
2423 2973 2574 3031 112:

557 3059 710 3130 Quid
758 3060 809 3120 si
852 3065 980 3136 ipse
1027 3058 1328 3122 amasset?
1376 3061 1521 3136 quid
1566 3060 1661 3121 hic
1704 3062 1848 3121 mihi
1890 3061 2071 3121 faciet
2113 3058 2314 3136 patri?

239 3171 441 3247 potest
492 3171 617 3228 tam
662 3153 804 3227 mihi
853 3167 1027 3242 facie't
1069 3186 1249 3244 quam
1290 3151 1433 3228 mihi
1484 3167 1659 3241 faciet
1702 3187 1850 3227 esse.
1940 3166 2290 3226 ALuchsius
2337 3165 2399 3224 in
2445 3164 2579 3225 Stu-

242 3257 524 3319 demundi
577 3256 742 3317 Stud.
796 3256 827 3315 I
888 3261 964 3318 17
1028 3275 1162 3316 cum
1225 3274 1467 3316 versum
1530 3257 1690 3316 inter
1753 3275 1853 3316 eos
1924 3256 2026 3332 qui
2081 3255 2300 3315 senarii
2354 3254 2578 3317 exitum

242 3369 279 3410 c
308 3353 321 3425 1
348 3382 387 3409 υ
418 3381 459 3411 υ
492 3373 528 3410 ,ι
556 3359 567 3425 Ι
597 3382 635 3407 υ
670 3357 751 3425 ,ιιι
792 3347 1049 3422 probent
1092 3363 1213 3407 non
1257 3345 1486 3418 afferat,
1532 3345 1794 3421 priorem
1837 3362 2179 3405 mensuram
2222 3344 2580 3421 praetulisse

244 3436 508 3497 videtur:
556 3454 670 3511 ego
706 3435 929 3494 usitato
968 3433 1312 3511 pyrrhichio
1346 3435 1490 3493 mihi
1524 3435 1811 3494 maiorem
1846 3431 2333 3510 probabilitatem
2362 3432 2581 3492 tribue.

248 3525 396 3593 Tibi,
442 3528 513 3586 ut
556 3525 666 3585 hoc
710 3523 855 3584 data
897 3523 1202 3584 occasione
1247 3523 1479 3600 addam,
1526 3523 1690 3583 hisce
1736 3521 2004 3582 Terentii
2046 3522 2192 3582 locis
2236 3522 2462 3582 inveni:

334 3632 522 3694 Andr.
572 3629 719 3692 703.

562 3719 693 3781 Scio
729 3720 873 3796 quid
909 3737 1124 3779 conere
1151 3741 1166 3778 ε
1195 3741 1210 3779 :
1237 3718 1365 3777 Hoc
1402 3707 1512 3794 ego
1548 3703 1657 3778 tibi
1696 3719 1961 3793 profecto
2001 3717 2276 3778 effectum
2310 3715 2573 3776 reddam.

423 3809 555 3870 Hoc
605 3827 838 3885 quoque
882 3809 1010 3868 loco
1057 3793 1161 3868 tibi
1210 3807 1550 3882 insequenti
1593 3807 1893 3867 dihaeresi
1940 3806 2304 3883 defenditur-3
2356 3805 2584 3881 pariter

248 3900 393 3961 Hoc.
442 3901 594 3959 791:

566 3987 654 4047 At
697 3987 934 4046 easdem
978 3987 1200 4046 amicas
1246 3986 1373 4045 fore
1419 3970 1524 4045 tibi
1573 3987 1857 4060 promitto
1872 4032 1885 4059 ,
1931 4004 2060 4044 rem
2104 3984 2210 4043 ubi
2253 3984 2582 4060 cogndrint.

250 4079 480 4139 Versus
524 4077 587 4136 in
630 4075 687 4134 A
729 4075 986 4144 omissus
1033 4073 1443 4151 dittographia
1487 4073 1892 4134 antecedentis
1938 4091 2148 4134 versus
2195 4075 2303 4132 est.

252 4167 647 4227 Excusatione
691 4165 799 4223 illa
843 4167 1008 4223 caret
1053 4149 1157 4224 tibi
1206 4164 1368 4223 Hec.'
1397 4164 1522 4222 623
1572 4154 1687 4245 (IV
1730 4165 1791 4236 4,
1842 4156 1934 4242 1):

572 4253 710 4314 Tibi
750 4272 982 4330 quoque
1029 4253 1239 4330 edepol
1285 4270 1418 4312 sum
1461 4254 1675 4325 iratus,
1721 4251 2092 4310 Philumena.

256 4344 452 4416 Quare
497 4361 631 4403 cum
674 4342 946 4403 Bentleio
1003 4342 1153 4402 duos
1200 4360 1274 4401 ex
1319 4341 1443 4400 suis
1490 4340 1660 4400 libris
1706 4343 1910 4402 secuto
1956 4342 2289 4401 concinnius
2331 4342 2402 4398 ut
2446 4338 2591 4398 dicit

257 4433 517 4494 scribere
561 4434 859 4506 praestat:

2089 4528 2165 4584 4*
